2554 3658
416 369 418 371 ’
457 350 549 409 238
982 366 1035 398 IN
1075 367 1203 398 DIEM
1242 366 1422 399 SANCTI
1459 366 1730 408 TORQUATI.

524 477 712 526 Petites.
746 491 798 526 ut
823 479 1057 543 gaudium
1095 491 1312 526 uestrum
1353 480 1416 527 sit
1459 479 1691 542 plenum,
1744 480 1885 527 Haec
1913 480 1959 526 in
1986 481 2262 543 prouerbiis

451 560 685 624 loquutus
728 579 836 609 sum
880 563 1051 610 uobiss.
1103 562 1268 610 ueniet
1312 562 1432 610 hora
1474 580 1586 609 cum
1630 563 1725 610 iam
1771 564 1944 611 nonin
1989 565 2264 627 prouerbiis

450 644 623 708 loquar
650 645 790 693 uobis
817 646 905 693 sed
932 646 1093 708 palam
1121 647 1183 694 de
1210 659 1349 709 patre
1376 663 1487 694 meo
1515 647 1820 694 adnuntiabo
1847 648 2018 704 uobis,

523 727 615 775 Illo
641 727 721 776 die
765 728 812 775 in
840 730 1039 776 nomine
1083 746 1195 776 meo
1222 729 1418 792 petitis(
1468 742 1516 776 et
1562 747 1658 777 non
1699 730 1810 778 dico
1849 732 1991 779 uobis
2028 733 2142 795 quia
2168 749 2264 797 ego

409 838 425 872 5
453 814 640 876 rogabo
666 826 855 876 patrem
883 813 945 860 de
974 812 1144 866 uobis„
1179 813 1294 874 Ipse
1320 813 1451 860 enirn
1492 825 1632 875 pater
1657 826 1789 861 amat
1814 832 1904 862 uos
1929 816 2159 879 quiafuos
2186 834 2263 864 me

454 897 656 944 amastis
682 908 731 943 et
756 896 1061 943 credidistis<
1095 896 1208 958 quia
1235 913 1330 959 ego
1356 913 1384 942 a
1409 895 1505 943 deo
1530 897 1661 943 exiui
1688 910 1737 944 et
1766 899 1876 947 ueni
1904 899 1952 946 in
1992 900 2260 955 mundum.,

524 980 709 1028 Iterum
739 978 963 1042 relinquo
990 978 1177 1026 mundo
1204 1015 1212 1025 .
1242 990 1290 1025 et
1319 977 1447 1025 uado
1472 978 1534 1024 ad
1570 991 1792 1040 patrem,

524 1064 762 1110 DICUNTA
796 1055 1077 1116 Discmuist„
1113 1061 1118 1124 Ι
1155 1077 1251 1122 330
1282 1061 1287 1122 Ι
1739 1115 1743 1117 μ

523 1148 657 1195 Ecce
684 1164 811 1194 nunc
838 1146 998 1209 palam
1026 1145 1270 1208 loqueris<
1303 1157 1353 1193 et
1379 1146 1694 1208 prouerbium
1722 1184 1731 1194 .
1762 1146 1944 1195 nullum
1972 1148 2093 1196 dieis
2123 1149 2142 1197 ?

378 1258 431 1280 ,10
526 1228 674 1278 Nunc
700 1231 881 1278 scimus
923 1230 1039 1293 quia
1078 1230 1172 1277 seis
1210 1229 1403 1277 omnia<
1450 1242 1501 1278 et
1544 1247 1642 1278 non
1686 1243 1760 1278 est
1803 1249 1928 1294 opus
1972 1245 2023 1280 ut
2064 1234 2174 1296 quiS
2217 1246 2266 1282 te

457 1315 757 1378 interroget„
792 1314 849 1361 In
875 1313 968 1360 hoc
995 1313 1270 1361 credimus(
1302 1314 1419 1377 quia
1445 1331 1472 1361 a
1498 1314 1594 1363 deo
1619 1315 1797 1371 existi.,

527 1398 805 1461 Respondit
847 1397 1044 1454 ihesus„
1090 1397 1247 1445 Modo
1289 1397 1518 1454 creditis„
1567 1399 1701 1447 Ecce
1744 1400 1879 1447 uenit
1916 1400 2037 1449 hora
2080 1413 2129 1450 et
2169 1402 2264 1450 iam

457 1483 592 1530 uenit
636 1494 687 1529 ut
729 1481 1082 1545 dispargamini
1127 1481 1466 1545 unusquisque
1516 1482 1562 1529 in
1612 1483 1839 1546 proprias.
1895 1497 1946 1532 ut
1986 1502 2065 1533 me
2107 1484 2264 1533 solum

458 1565 775 1629 relinquatis„
809 1565 874 1612 Et
901 1581 997 1611 non
1036 1581 1143 1611 sum
1182 1563 1344 1611 soluss.
1377 1565 1492 1628 quia
1518 1578 1659 1628 pater
1684 1584 1875 1615 mecum
1902 1581 2007 1625 est.‚

396 1660 432 1694 15
530 1650 673 1697 Haec
698 1648 929 1712 loquutus
956 1665 1064 1695 sum
1105 1648 1246 1695 uobis
1289 1649 1412 1696 utin
1453 1665 1532 1697 me
1559 1667 1730 1712 pacem
1757 1651 1975 1700 abeatis<
2008 1653 2056 1701 in
2083 1654 2268 1702 mundo

460 1733 590 1782 enim
618 1750 897 1797 pressuram
923 1732 1199 1788 habebitis„
2016 1740 2019 1743 ’

528 1818 629 1866 Sed
656 1817 916 1866 confidite(
949 1817 1064 1880 quia
1090 1833 1185 1880 ego
1211 1816 1304 1864 uici
1339 1817 1608 1875 mundum,
1638 1836 1797 1868 amen.

606 1968 955 2021 LEGENDUM
1003 1968 1065 2020 IN
1113 1968 1273 2020 DIEM
1320 1968 1544 2022 SANCTI
1588 1970 1916 2033 TORQUATI
1954 2014 1966 2025 .
2001 1972 2126 2031 UEL

1086 2060 1406 2113 SOCIORUM
1454 2062 1632 2125 EIUS„
2067 2057 2071 2067 ’

375 2155 450 2232 ,φ
544 2183 773 2222 LECTIO
820 2183 1029 2222 meni<
1068 2183 1511 2223 APOCALIPSIN
1559 2184 1918 2232 IOHANNIS..
1951 2184 2051 2235 (vn
2079 2184 2189 2237 9-10)

1126 2259 1254 2298 DEo
1297 2260 1607 2310 GRATIAS„

534 2376 607 2423 IN
657 2375 936 2423 DIEBUS
983 2376 1206 2424 ILLISa
1243 2394 1348 2441 ego
1388 2378 1630 2428 iohannes
1655 2380 1828 2428 serbus
1856 2380 1996 2429 ihesu
2022 2374 2135 2445 κρῖ(
2170 2381 2269 2429 uidi

461 2460 653 2508 turbam
682 2476 912 2523 magnam
939 2477 1086 2522 quam
1113 2462 1427 2511 dinumerare
1455 2463 1614 2511 nullus
1640 2477 1866 2527 poterat„
1896 2462 1917 2531 ΙΙ
2021 2462 2024 2463 ’
2106 2461 2109 2466 ’

530 2544 612 2591 Ex
636 2543 866 2591 omnibus
905 2541 1140 2607 gentibus
1183 2556 1233 2593 et
1272 2546 1429 2593 tribus
1455 2559 1504 2594 et
1546 2547 1758 2611 populus
1784 2561 1833 2596 et
1859 2548 2040 2614 linguis
2082 2561 2270 2597 stantes

395 2652 434 2686 25
460 2617 574 2676 ante
601 2641 824 2675 tronums.
858 2639 907 2674 et
947 2628 994 2674 in
1037 2642 1305 2692 conspectu
1345 2631 1459 2694 agni
1486 2632 1650 2679 amicti
1687 2632 1839 2680 stolas
1864 2632 2000 2681 albas
2034 2646 2083 2682 et
2108 2633 2270 2697 palme

461 2713 508 2758 in
536 2707 761 2758 manibus
788 2727 988 2767 eorum.,

528 2795 596 2842 Et
637 2793 914 2842 clamabant
953 2812 1075 2843 uoce
1116 2814 1297 2861 magna
1338 2798 1592 2857 dicentes,
1642 2800 1788 2848 Salus
1831 2802 1926 2849 deo
1971 2797 2169 2849 nostro⁴
2205 2801 2267 2848 ‘in

457 2877 651 2928 saecula
676 2877 985 2933 seculorum.,
1015 2896 1159 2926 amen

504 3013 541 3045 18
565 3012 684 3044 Sancti
712 3012 875 3053 Torquati
899 3012 952 3042 vel
973 3011 1133 3041 sociorum
1160 3012 1261 3051 eius]
1296 3012 1325 3044 Ii
1397 3021 1664 3055 connumeratur,
1694 3027 1780 3058 quae
1806 3016 1918 3049 Toleti
1947 3017 2080 3048 saeculo
2107 3017 2188 3048 XV0
2214 3027 2267 3049 ex-

456 3072 532 3100 sunt
559 3071 686 3108 septem
717 3065 864 3107 episcopi
892 3065 949 3106 qui
977 3066 1020 3095 ab
1047 3065 1208 3105 apostolis
1236 3066 1326 3098 missi
1398 3075 1496 3101 eunte
1512 3070 1706 3111 superstites
1721 3066 1827 3103 erant.
1855 3071 1942 3103 Vide
1968 3077 2083 3103 notam
2108 3071 2218 3103 Leslei
2234 3071 2268 3103 in

462 3123 680 3165 Evangelium
697 3122 730 3153 in
750 3121 917 3163 Hispania
934 3128 1171 3163 propagarunt.
1193 3123 1227 3153 S.
1244 3123 1326 3153 Tor·
1395 3123 1602 3164 praefatione
1632 3124 1762 3156 Missali
1791 3124 2007 3157 Mozarabico
2034 3125 2180 3167 praefixa
2209 3136 2262 3167 ap.

455 3178 547 3221 quati
565 3177 636 3209 dies
663 3176 762 3208 festus
789 3175 897 3216 agitur
925 3175 1077 3206 kalendis
1102 3175 1194 3206 Maii.
1219 3176 1327 3217 Ipsius
1400 3176 1528 3218 Migne,
1550 3178 1637 3209 Patr.
1660 3178 1734 3210 Lat.
1755 3179 1935 3218 LXXXV,
1953 3187 2002 3210 11.

456 3232 594 3268 basilica
624 3231 708 3266 inter
741 3241 797 3261 sex
829 3229 1036 3274 parochiales
1067 3230 1224 3263 ecelesias
1253 3230 1327 3262 illas
