2554 3658
1022 298 1415 341 PRAEFATIO.
1956 281 1962 286 '
2026 298 2119 342 VII

305 426 676 496 adhibetur.
724 426 866 496 Sed
928 454 1148 517 neque
1209 426 1446 530 eadem
1489 425 1897 495 Sanctorum
1960 428 2122 497 festa

306 521 668 612 utrubique
705 537 1062 591 notantur:
1102 548 1258 590 nam
1297 521 1362 589 in
1407 519 1839 590 Lectionario
1894 539 2122 591 nostro

204 646 210 650 ·
309 615 520 685 multo
581 616 895 707 pauciora
945 616 1390 708 assignantur,
1430 643 1634 705 quam
1687 615 1752 683 in
1815 615 2122 685 Mozara-

309 710 480 791 bico,
545 711 610 780 in
672 726 934 781 tantum
995 727 1065 780 ut
1104 710 1349 780 nullius
1412 709 1845 781 Confessoris
1907 711 2124 779 natale

310 805 480 874 inter
514 834 593 882 ea
619 821 1113 886 annumeretur,
1155 833 1237 874 ne
1282 805 1565 874 Martini
1602 804 1899 895 quidem,
1939 806 2124 895 quod

308 899 373 968 in
412 901 730 970 omnibus
767 901 899 970 fere
952 900 1233 992 liturgiis
1271 899 1804 969 occidentalibus
1864 899 2124 969 celebre

303 1010 417 1076 est,
463 995 864 1085 Aliquando
891 1023 1049 1064 vero
1086 995 1322 1076 eadem
1347 995 1512 1064 festa
1549 1022 1684 1062 non
1714 994 1952 1063 iisdem
1991 995 2123 1063 die-

303 1089 430 1158 bus
457 1090 900 1159 ascribuntur:
924 1090 1107 1159 verbi
1135 1089 1589 1182 gratia,natale
1623 1089 2121 1170 Innocentium,

301 1184 486 1274 quod
524 1184 589 1253 in
636 1184 1078 1254 Mozarabico
1107 1201 1259 1275 post
1296 1184 1538 1253 festum
1585 1183 1863 1253 Ioannis
1899 1184 2123 1253 Evan-

298 1278 577 1369 gelistae
601 1280 889 1369 ponitur,
927 1279 1356 1370 Epiphaniae
1386 1279 1447 1347 in
1478 1294 1708 1347 nostro
1745 1278 2074 1348 subicitur
2113 1310 2123 1359 ;

301 1373 407 1442 hic
444 1374 797 1444 decollatio
840 1374 1052 1444 sancti
1098 1374 1374 1443 Ioannis
1435 1373 1779 1463 Baptistae
1816 1389 1968 1464 post
2005 1374 2124 1443 fes-

303 1484 446 1537 tum
516 1469 726 1538 sancti
767 1469 1094 1560 Cypriani
1134 1497 1366 1538 mense
1414 1468 1826 1559 Septembri,
1890 1469 1980 1537 ibi
2018 1469 2126 1538 die

304 1591 467 1631 XXIX
503 1563 823 1656 Augusti
848 1564 1266 1635 Graecorum
1313 1591 1498 1632 more
1535 1579 2120 1633 commemoratur.

400 1657 604 1750 Quae
633 1687 843 1749 quum
875 1659 964 1728 ita
999 1659 1149 1739 sint,
1181 1658 1521 1749 quaeritur
1548 1658 1891 1728 undenam
1921 1659 2123 1749 potis-

209 1830 218 1831 ἶ
303 1752 550 1822 simum
595 1753 1004 1823 Lectionarii
1046 1753 1332 1823 Silensis
1395 1780 1583 1844 origo
1621 1754 1986 1843 repetenda
2022 1754 2119 1823 sit

399 1847 618 1939 Quod
653 1850 738 1918 ad
769 1863 1037 1939 tempus
1072 1848 1361 1956 quidem
1400 1849 1653 1928 attinet,
1674 1876 1830 1952 quo
1884 1876 1938 1917 1s
1998 1849 2123 1940 pri-

300 1969 487 2011 mum
525 1943 869 2013 confectus
898 1943 1036 2023 fuit,
1069 1971 1291 2033 ipsum
1323 1943 1523 2034 longe
1551 1942 1893 2033 antiquius
1922 1945 2120 2013 statui

298 2053 624 2127 oportere,
657 2066 862 2129 quam
914 2054 1095 2107 aetas
1134 2037 1386 2106 codicis
1424 2065 1582 2128 prae
1619 2065 1689 2106 se
1718 2038 1899 2118 ferat,
1939 2038 2122 2109 haud

298 2159 435 2201 uno
463 2133 788 2222 probatur
823 2133 1072 2202 indicio
1102 2162 1112 2202 :
1143 2148 1214 2202 ut
1250 2148 1428 2223 puta,
1462 2132 1692 2222 quod
1679 2159 1744 2201 1n
1775 2161 1854 2202 eo
1884 2149 2125 2204 cuncta

298 2243 710 2317 comparent,
751 2256 922 2318 quae
981 2227 1067 2297 ad
1128 2227 1555 2318 disciplinam
1627 2227 2120 2319 neophytorum

296 2321 864 2391 instituendorum
901 2322 1295 2412 spectabant
1332 2323 1513 2412 apud
1540 2349 1796 2412 pr1scos
1826 2322 2121 2393 christia-

299 2443 463 2496 nos;
503 2417 740 2508 quod
727 2444 792 2486 m
833 2416 1381 2521 Quadragesima
1410 2417 1770 2486 sabbatum
1799 2445 1838 2486 a
1873 2418 2122 2489 ieiunio

296 2510 496 2580 etiam
535 2526 679 2580 tum
723 2526 860 2582 erat
921 2539 1264 2591 1mmune;
1319 2511 1503 2602 quod
1566 2512 1871 2581 nondum
1933 2515 2122 2604 quid-

281 2633 501 2695 quam
539 2607 624 2676 de
660 2607 915 2676 Iacobo
951 2606 1259 2697 apostolo
1312 2605 1858 2696 deprehenditur,
1898 2624 2017 2678 etC.

394 2700 658 2770 Verum
699 2701 966 2792 longius
1023 2701 1218 2769 nobis
1280 2701 1874 2792 progrediendum,
1915 2718 1978 2772 et
2032 2705 2116 2773 ad

299 2794 489 2864 cuius
520 2795 868 2865 Ecclesiae
896 2822 1094 2864 usum
1123 2795 1513 2886 pertinuerit
1549 2795 1759 2864 Liber
1788 2797 2119 2868 Comicus

298 2888 666 2959 dicendum
705 2906 819 2959 est.
871 2890 974 2960 Ut
1010 2889 1210 2981 igitur
1252 2889 1539 2959 Missale
1603 2891 2115 2962 Mozarabicum

299 2983 565 3053 videtur
599 3013 774 3065 eum,
806 2984 920 3075 qui
975 2985 1039 3053 in
1098 2985 1369 3054 Baetica
1429 2985 1724 3054 maXime
1777 2988 2122 3076 provincia

299 3078 587 3169 vigebat,
651 3107 908 3148 morem
969 3079 1206 3148 referre
1246 3108 1256 3148 1
1326 3079 1414 3148 ita
1483 3107 1617 3148 non
1656 3079 1873 3148 solum
1938 3082 2117 3151 hunc

308 3172 833 3254 Lectionarium,
872 3173 991 3243 sed
1028 3188 1091 3243 et
1126 3173 1482 3264 plerosque
1520 3173 1724 3243 libros
1778 3174 2120 3267 liturgicos
