2554 3658
508 321 541 365 ἰ
556 322 615 379 76
1175 336 1230 369 ΙΝ
1269 336 1466 369 UIGILIA
1502 337 1667 370 PASCE.

587 449 719 511 Quia
744 449 901 497 fecisti
928 448 1050 497 hoca
1075 448 1337 498 maledicta
1353 468 1407 499 es
1428 451 1556 499 inter
1572 451 1738 499 omnia
1755 451 2052 499 animantia<
2076 464 2126 501 et
2146 452 2331 502 bestias

518 546 710 590 terrae,
740 533 903 597 Super
927 545 1102 597 pectus
1128 546 1266 581 tuum
1291 534 1562 598 gradierisx.
1595 547 1644 583 et
1684 547 1813 583 terra
1847 535 2108 584 comedest.
2141 537 2331 585 cunctis

517 617 693 665 diebus
719 618 850 666 uitae
893 629 1038 674 tuae.,
1087 617 1375 665 Inimicitias
1418 635 1600 681 ponam
1628 620 1756 668 inter
1794 631 1841 667 te
1879 631 1928 667 et
1954 619 2238 668 mulierema
2281 633 2331 669 et

517 701 688 750 semen
715 713 882 751 tuum<
917 714 965 750 et
992 719 1163 750 semen
1191 701 1347 758 illius„
1383 702 1499 765 Ipsa
1541 714 1765 751 conteret
1790 716 1937 767 caput
1980 715 2148 752 tuum(
2192 717 2240 753 et
2278 718 2329 753 tu

474 802 491 836 5
517 787 829 835 insidiaberis
855 786 1138 834 calcaneum
1167 786 1301 842 eius,
1336 786 1535 834 Mulieri
1562 804 1763 851 quoque
1788 787 1943 844 dixit„

588 870 934 935 Multiplicabo
959 887 1190 919 erumnas
1216 873 1325 918 tuas
1354 909 1362 918 .
1391 882 1441 919 et
1466 883 1734 934 conceptos
1762 884 1904 928 tuos.,

589 955 644 1002 [n
688 954 860 1003 dolore
901 955 1064 1018 paries
1105 954 1260 1002 filiosae
1306 966 1356 1002 et
1399 954 1492 1002 sub
1537 954 1627 1002 uiri
1668 967 1917 1018 potestate
1956 956 2080 1004 erisa
2130 968 2179 1004 et
2222 956 2328 1020 ipse

512 1040 849 1107 dominabitur
875 1040 974 1096 tui.,

580 1124 665 1171 AD
701 1140 845 1172 ADAM
884 1138 1048 1173 UERoae
1092 1123 1247 1180 dixit„

450 1223 490 1247 10
581 1208 713 1271 Quia
754 1209 934 1257 audisti
979 1226 1152 1257 uocem
1196 1209 1400 1257 huxoris
1440 1220 1582 1257 tuae<
1616 1220 1664 1258 et
1704 1208 1963 1257 comedisti
2007 1226 2069 1257 ex
2093 1207 2230 1273 ligno
2264 1225 2325 1256 ex

512 1311 610 1358 quo
627 1311 945 1358 preceperam
967 1294 1055 1342 tibi
1078 1312 1138 1341 ne
1158 1294 1447 1342 comederes
1461 1308 1475 1337 4
1501 1293 1762 1341 maledicta
1789 1305 1918 1341 terra
1937 1293 1985 1340 in
2006 1309 2157 1356 opere
2175 1304 2287 1349 tuo„
2309 1289 2328 1358 ΙΙ

586 1379 643 1426 In
668 1378 919 1427 laboribus
944 1378 1180 1427 comedes
1205 1381 1315 1426 eam
1344 1415 1353 1426 .
1381 1378 1571 1426 cunctis
1596 1377 1771 1426 diebus
1797 1377 1928 1425 uitae
1955 1389 2098 1433 tuae.,

582 1462 764 1526 Spinas
790 1474 840 1510 et
866 1460 1072 1510 tribulos
1097 1461 1397 1527 germinauit
1431 1461 1549 1526 tibiq
1581 1472 1630 1509 et
1656 1461 1889 1509 comedes
1915 1460 2094 1510 herbas
2132 1472 2321 1516 terrae„

519 1548 576 1595 In
603 1548 786 1596 sudore
811 1546 974 1595 uultus
1002 1546 1070 1594 tui
1097 1546 1312 1594 uesceris
1355 1560 1564 1609 panem<
1598 1546 1757 1594 donec
1800 1546 2062 1594 reuertaris
2105 1545 2153 1592 in
2197 1558 2325 1592 terra

452 1645 489 1679 15
515 1631 576 1678 de
602 1648 701 1695 qua
727 1643 917 1679 sumtus
944 1644 1026 1679 esc
1059 1631 1175 1694 quia
1200 1629 1363 1694 pulbis
1389 1644 1471 1678 esc
1504 1643 1554 1679 et
1580 1631 1628 1678 in
1654 1629 1909 1693 pulberem
1938 1629 2231 1686 reuerteris,

585 1715 653 1763 Et
696 1715 896 1764 uocauit
937 1711 1082 1763 adam
1127 1731 1309 1763 nomen
1350 1713 1554 1762 huxoris
1577 1731 1697 1762 suae
1739 1728 1860 1762 euaa
1893 1731 1953 1762 eo
1992 1713 2125 1778 quod
2168 1725 2326 1761 mater

514 1812 647 1847 esset
671 1811 961 1848 cunctorum
988 1788 1292 1854 uibentiui'n„

586 1886 726 1934 Fecit
751 1902 950 1949 quoque
975 1883 1206 1931 dominus
1231 1883 1355 1931 deus
1379 1883 1524 1931 adam
1551 1896 1600 1932 et
1625 1883 1802 1932 huxori
1828 1883 1933 1941 eius
1973 1883 2163 1931 tunicas
2188 1880 2323 1945 pelli-

513 1971 642 2019 ciass.
675 1982 725 2018 et
750 1969 908 2018 induit
934 1986 1020 2017 eos
1046 1980 1095 2016 et
1121 1968 1218 2024 ait„
1789 1972 1791 1975 ⁴

447 2068 490 2092 20
585 2055 718 2103 Ecce
761 2055 905 2102 adam
949 2054 1107 2102 factus
1146 2066 1221 2101 est
1247 2053 1388 2116 quasi
1416 2071 1541 2101 unus
1566 2071 1626 2102 ex
1656 2053 1825 2101 nouis?
1849 2053 2010 2101 sciens
2053 2053 2238 2101 bonum
2273 2063 2323 2100 et

513 2140 727 2197 malum.,
761 2140 909 2187 Nunc
947 2156 1068 2204 ergo
1112 2156 1174 2187 ne
1217 2138 1343 2186 forte
1385 2138 1548 2186 mittat
1593 2155 1792 2185 manum
1835 2155 1973 2185 suam
2017 2149 2067 2185 et
2108 2149 2322 2185 summat

512 2225 692 2273 aetiam
718 2225 781 2272 de
819 2219 956 2288 ligno
998 2224 1130 2271 uitae
1172 2235 1221 2271 et
1260 2222 1489 2270 comedat
1515 2234 1563 2270 et
1590 2222 1726 2270 bibat
1766 2222 1814 2269 in
1840 2234 2126 2270 aeternum<
2159 2221 2323 2269 emisit

511 2326 624 2357 eum
667 2308 898 2356 dominus
938 2307 1061 2355 deus
1102 2307 1166 2354 de
1190 2307 1421 2370 paradiso
1446 2306 1733 2354 uolumtatis
1759 2317 1811 2353 ut
1845 2317 2132 2369 operaretur
2157 2316 2314 2353 terrac

510 2392 572 2439 de
597 2409 697 2455 qua
720 2404 912 2439 sumtus
937 2403 1043 2446 est„
1080 2388 1086 2455 Ι
1120 2405 1214 2452 259
1248 2396 1254 2455 Ι

443 2492 483 2528 25
580 2475 859 2540 Egecitque
895 2475 1069 2522 adama
1125 2487 1176 2523 et
1223 2474 1499 2523 conlocauit
1538 2487 1654 2523 ante
1702 2474 1984 2538 paradisum
2034 2474 2319 2524 uolumtatis

508 2559 745 2607 cherubin
773 2571 822 2607 et
848 2559 1079 2606 flameum
1104 2559 1325 2623 gladium
1357 2570 1506 2622 atque
1527 2559 1837 2607 uersatilem<
1861 2558 1923 2606 ad
1941 2559 2316 2608 custodiendam

507 2643 637 2690 uiam
664 2641 785 2707 ligni
812 2642 972 2698 uitae„
1001 2642 1257 2699 AMEN.,

572 2729 638 2774 ln
663 2727 753 2774 hac
778 2725 975 2775 lectione
984 2726 1158 2789 pergit
1194 2726 1435 2789 episcopus
1458 2743 1567 2774 cum
1591 2725 1871 2775 diaconibus
1894 2725 1965 2772 aa'
1980 2726 2150 2788 fontes
2168 2728 2315 2775 babti—

503 2827 646 2866 zare„

607 2951 638 2974 14
651 2941 754 2969 sudore
767 2950 797 2968 re
809 2941 878 2968 add.
892 2950 914 2968 s.
930 2942 982 2968 lin.
1054 2949 1087 2973 24
1098 2948 1156 2974 qua
1172 2942 1291 2967 correct.
1305 2949 1343 2967 ex
1354 2949 1411 2975 quo

545 3043 587 3075 28
604 3042 774 3084 adfantes
796 3042 986 3082 babtizare]
1000 3042 1090 3084 Ergo
1106 3041 1267 3074 lectiones
1288 3042 1371 3075 istae
1440 3054 1512 3075 rum
1551 3044 1718 3086 baptismo
1756 3045 2067 3087 praemittebantur,
2095 3046 2153 3078 sed
2188 3047 2308 3089 partim

502 3109 569 3130 non
585 3108 713 3136 omnes,
731 3097 828 3130 sicuti
846 3098 975 3129 Romae
991 3108 1063 3129 mos
1086 3103 1166 3136 erat,
1187 3098 1369 3141 neophyto·
1437 3098 1537 3130 etiam
1554 3098 1808 3131 comitabantur.
