2554 3658
732 336 787 368 IN
827 327 892 368 110
926 334 1183 368 DOMINICO
1218 333 1285 366 DE
1322 332 1626 366 ADUENTUM.
2054 334 2082 380 3

269 451 470 500 deserto
497 452 671 500 iudeae
707 451 908 506 dicens„
942 448 1272 498 Penitentiam
1303 447 1466 513 'agitet
1497 447 1913 511 adpropinquauit
1949 449 2080 497 enim

269 552 477 600 regnum
515 534 794 590 caelorum„
1670 532 1672 534 ’

341 620 443 668 Hie
467 632 543 669 est
568 620 701 669 enim
726 619 788 668 de
813 637 912 684 quo
938 619 1125 667 dictum
1151 629 1255 666 est<
1288 634 1377 681 per
1409 633 1610 680 esayam
1647 615 1890 680 profetam
1915 615 2079 664 dicen-

267 716 399 762 tem„
432 706 550 754 on
583 704 841 753 clamantis
891 705 940 752 in
982 704 1209 752 deserto<
1264 714 1435 767 parate
1473 702 1604 750 uiam
1652 700 2079 750 domini-”rectas

266 788 411 837 facite
435 789 801 845 semitas³eius,
2124 803 2143 839 5

339 873 454 936 Ipse
479 885 644 922 autem
673 873 914 922 iohannes
933 873 1115 922 abebat
1140 873 1496 921 uestimentum
1518 871 1582 920 de
1607 869 1718 935 pilis
1738 868 2071 919 camelorum(

263 968 314 1005 et
338 975 513 1005 zonam
542 957 785 1022 pelliciam
811 958 940 1006 circa
964 957 1160 1006 lumbos
1197 955 1333 1012 eius„

265 1076 268 1078 v
332 1041 467 1090 Esca
492 1054 658 1091 autem
681 1039 787 1091 eius
808 1054 914 1091 erat
938 1042 1156 1091 locusta?
1201 1050 1251 1088 et
1276 1038 1372 1087 mel
1398 1037 1656 1092 siluestre„

328 1126 473 1175 Tunc
507 1127 743 1175 exiebant
782 1127 843 1174 ad
884 1144 997 1175 eum
1032 1143 1094 1175 ex
1146 1123 1504 1172 iherosolimisa
1550 1133 1600 1171 et
1638 1120 1800 1170 omnis
1840 1120 1988 1170 iudea
2025 1132 2075 1170 et

260 1210 421 1257 omnis
450 1210 588 1274 regio
622 1210 749 1258 circa
775 1210 1060 1258 iordanemc
1104 1220 1158 1256 ut
1195 1208 1571 1271 baptizarentur«
1597 1206 1660 1254 ab
1687 1204 1768 1254 illo
1794 1206 1843 1254 in
1870 1206 2076 1255 iordane
2101 1227 2141 1251 10

255 1295 551 1344 confitentes
577 1307 781 1359 peccata
807 1313 925 1351 sua„
986 1295 991 1359 Ι
1039 1295 1100 1355 38
1146 1301 1152 1358 Ι
1190 1321 1194 1324 >
1238 1341 1241 1343 ,
1911 1343 1915 1346 ,

328 1380 522 1429 Uidens
543 1391 710 1428 autem
737 1379 920 1427 multos
946 1378 1235 1426 fariseorum
1253 1389 1302 1425 et
1327 1376 1571 1425 sadduces
1587 1389 1790 1424 eorum(
1813 1375 2073 1424 uenientes

254 1464 317 1512 ad
343 1464 649 1528 baptismum
676 1481 819 1512 suum
857 1463 982 1511 dixit
1016 1463 1118 1518 eis.,
1168 1461 1442 1527 Progenies
1485 1461 1796 1525 uiperarumx
1827 1460 1940 1524 quis
1987 1460 2070 1510 de-

254 1548 552 1597 monstrauit
578 1547 721 1596 uobis
748 1547 907 1613 fugire
934 1565 962 1594 a
988 1547 1147 1594 futura
1175 1546 1258 1594 ira.

324 1633 496 1681 Facite
521 1649 643 1697 ergo
669 1633 879 1680 fructum
923 1631 1130 1695 dignum
1169 1629 1471 1693 penitentie(
1522 1640 1572 1677 et
1610 1646 1670 1676 ne
1705 1628 1873 1677 uelitis
1904 1628 2070 1678 dicere
2097 1641 2135 1677 15

254 1718 381 1765 intra
420 1734 510 1765 uos
549 1729 741 1782 patrem
780 1717 987 1764 abemus
1030 1715 1263 1771 abraam„
1312 1713 1442 1761 Dico
1482 1712 1615 1762 enim
1650 1712 1794 1761 uobis
1831 1713 2067 1776 quoniam

231 1814 433 1866 ffpotens
459 1814 535 1850 est
560 1802 683 1850 deus
704 1802 767 1850 de
787 1800 1034 1865 lapidibus
1059 1799 1230 1848 histisa
1263 1798 1502 1846 suscitare
1521 1797 1648 1846 filios
1669 1798 1848 1854 abrae,

325 1886 430 1934 Iam
457 1887 589 1935 enim
617 1886 803 1935 securis
829 1886 891 1934 ad
912 1885 1101 1933 radices
1127 1885 1387 1932 arborum<
1422 1883 1584 1946 posita
1609 1894 1716 1940 est.,

320 1970 500 2019 Omnis
526 1987 648 2036 ergo
673 1970 820 2018 arbor
838 1987 936 2033 que
957 1986 1055 2017 non
1083 1969 1198 2017 facit
1235 1968 1446 2016 fructum
1474 1967 1690 2014 bonum<
1718 1965 1988 2015 excidetssr.
2015 1976 2067 2014 et

253 2053 301 2100 in
328 2053 444 2119 igne
470 2055 725 2110 mittetur„
2089 2081 2135 2107 20

319 2138 434 2202 Ego
453 2138 771 2201 quidem-uos
792 2138 990 2201 baptizo
1011 2138 1059 2185 in
1079 2151 1235 2201 aqua(
1269 2137 1317 2185 in
1343 2136 1650 2201 penitentia„
1672 2133 1691 2202 ΙΙ

321 2221 420 2284 Qui
446 2234 612 2271 autem
639 2234 752 2286 post
788 2239 868 2270 me
906 2233 1143 2270 uenturus
1185 2233 1260 2270 est
1299 2221 1472 2270 fortior
1510 2237 1591 2269 me
1639 2231 1743 2269 estc
1786 2219 1925 2268 cuius
1961 2236 2061 2268 non

246 2324 355 2354 sum
381 2307 563 2372 dignus
587 2307 910 2356 calciamenta
949 2309 1175 2370 portare·A
1219 2305 1325 2369 ipse
1366 2322 1457 2353 uos
1494 2303 1765 2368 baptizauit
1807 2303 1856 2352 in
1886 2303 2062 2368 spiritu

243 2405 417 2442 sancto
442 2405 494 2442 et
515 2393 649 2459 igni„
678 2393 878 2449 Amen„

302 2540 465 2593 ITEM
497 2538 851 2592 LEGENDUM
878 2536 976 2590 :IN
1011 2535 1076 2587 ll⁰
1110 2535 1418 2589 DOMINICO
1446 2556 1456 2589 :
1489 2537 1575 2588 AD
1608 2535 1884 2589 MISSAM:
1915 2533 1920 2591 Ι
1948 2546 2003 2590 39
2030 2533 2038 2591 Ι
2085 2561 2126 2596 25

382 2666 619 2706 LECTIO
659 2660 876 2703 LIBRIJ·
908 2660 1122 2702 ESAYE
1147 2661 1536 2710 PROPHETE.‚
1559 2658 1765 2712 (XXVIII
1791 2650 1918 2710 16-17,

987 2729 1129 2769 XXIX
1152 2729 1288 2782 17·²4)
1335 2762 1342 2769 .

316 2839 471 2888 HEC
511 2803 723 2887 'mm
765 2833 1156 2890 DOMINUS„

316 2924 450 2972 Ecce
476 2940 572 2988 ego
599 2922 769 2970 mitam
797 2921 845 2968 in
867 2916 1201 2967 fundamentis
1227 2933 1352 2981 syon
1378 2915 1594 2981 lapidem
1614 2919 1914 2983 probatum„

314 3049 346 3066 10
358 3039 486 3069 iordane]
499 3037 622 3065 flumine.
638 3037 706 3064 add.
723 3046 737 3063 2
751 3045 843 3063 manu
915 3044 944 3061 12
957 3034 1077 3061 saduces
1089 3042 1103 3060 ι
1114 3044 1152 3061 m.
1237 3042 1267 3066 15
1281 3038 1308 3059 et
1322 3031 1409 3060 nolite
1421 3041 1494 3059 corr.

248 3134 266 3159 (<
284 3125 507 3164 [Watthaeung
534 3129 590 3156 aut
613 3122 798 3166 quemlibet
822 3132 861 3153 ex
889 3120 1002 3152 tribus.
1035 3120 1116 3151 Res·
1187 3119 1316 3161 «sesus
1352 3117 1510 3150 Christus
1545 3118 1748 3160 ambulavit,
1781 3126 1839 3153 aut
1870 3121 1968 3163 dixit,
2001 3129 2059 3157 aut

249 3188 267 3213 «
284 3181 451 3223 pondetur
467 3181 510 3212 ab
533 3179 625 3211 omni
650 3178 788 3220 populo,
824 3175 938 3208 Gloria
960 3175 1025 3206 tibi
1050 3175 1117 3206 Do-
1187 3182 1205 3207 <(
1221 3174 1298 3207 fecit
1311 3174 1394 3207 illud
1412 3179 1444 3207 et
1461 3174 1543 3206 illud
1560 3176 1652 3218 quod
1670 3176 1830 3220 sequitur.
1850 3186 1868 3213 )>

250 3243 268 3269 ((
284 3236 384 3268 mine.
414 3253 456 3258 —
478 3235 523 3266 In
554 3234 612 3266 illo
640 3237 781 3274 tempore
813 3231 983 3262 Dominus
1009 3233 1119 3261 noster
