2554 3658
0 3142 13 3419 πων-μ·
0 3063 10 3129 *1*
0 3033 6 3054 -·

857 361 1110 394 HOMILIAE
1145 361 1459 393 TOLETANAE.
1963 362 2058 408 425

305 473 331 516 f.
355 475 439 516 286
463 475 638 514 Sermo
659 475 722 513 de
738 475 1026 515 elemosina.
1052 474 1269 516 Remedia
1286 480 1585 529 peccatorum,
1600 474 1767 526 fratreS,
1794 508 1899 518 ......
1921 481 2058 518 meta-

245 557 344 586 mus
366 544 505 586 uitam
529 550 771 586 aeternam.
798 545 879 586 Per
895 544 1141 594 dominum,
1163 549 1245 586 etc.

300 667 423 708 Serm.
445 668 616 720 append.
650 669 816 720 August.
850 682 939 719 310.

302 789 327 833 f.
352 792 436 844 289
470 792 542 831 De
567 791 786 831 Ninnibe
808 792 1024 830 ciuitate.
1060 790 1272 844 Legimus
1295 790 1337 833 in
1362 791 1591 846 prophetis
1613 804 1714 833 cum
1739 791 1921 833 ninnibe
1947 825 2052 834 ......

240 873 448 914 superare
478 861 709 914 possimus.
734 861 816 903 Per
837 861 1082 911 dominum,
1104 866 1184 901 etc.

295 986 333 1024 S.
368 984 535 1024 Maximi
556 984 721 1025 homilia
752 998 816 1035 90.

296 1108 324 1149 f.
362 1115 465 1160 291v
497 1109 670 1148 Sermo
706 1108 768 1146 de
808 1107 1089 1146 dominicae
1125 1106 1488 1146 obserbatione.
1533 1104 1869 1148 Consummatis
1906 1105 2056 1159 vigitur

236 1183 370 1231 atque
387 1177 593 1231 perfectis
607 1178 679 1219 die
695 1176 1083 1231 dominicoadque
1099 1175 1414 1219 sestiuitatibus
1431 1175 1570 1230 ipsius
1591 1175 1679 1217 diei
1699 1174 1994 1230 pertinebant,
2009 1181 2054 1216 et

236 1246 421 1288 dimisso
455 1247 542 1289 iam
580 1247 747 1301 populo
781 1247 1012 1288 resedente
1034 1252 1190 1288 sancto
1219 1245 1400 1288 eusebio
1422 1245 1635 1298 episcopo
1656 1244 1810 1286 domui
1845 1258 1952 1286 suae
1989 1245 2053 1285 in-

235 1329 411 1370 gressus
434 1322 500 1358 est
537 1316 794 1367 alexander,
827 1316 1033 1370 dixitque
1069 1316 1126 1357 ad
1164 1329 1278 1366 eum,
1317 1315 1556 1370 Deprecor,
1594 1314 1788 1366 domine,
1822 1327 1956 1370 quam
1995 1314 2054 1355 ob

233 1398 413 1427 causam
455 1385 668 1427 dominici
710 1385 798 1427 diei
835 1385 1090 1438 obseruatio
1131 1418 1236 1428 ......
1282 1385 1326 1427 ἰη
1368 1385 1498 1426 bonis
1540 1385 1748 1440 operibus
1790 1383 2053 1427 confirmare

235 1455 454 1508 dignetur.
477 1454 560 1497 Cui
583 1461 650 1497 est
671 1454 826 1506 honor,
847 1462 928 1498 etc.

293 1581 354 1618 Ex
382 1580 460 1619 hoc
487 1593 671 1620 sermone
703 1581 833 1620 elucet
863 1580 941 1620 iam
970 1580 1065 1620 inde
1085 1579 1305 1630 antiquitus
1335 1581 1442 1631 apud
1465 1581 1602 1621 Gallos
1630 1587 1668 1620 et
1689 1579 2052 1631 Gotho-Hispanos

236 1634 438 1676 enotuisse
466 1635 661 1684 homilias,
693 1648 796 1686 quae
826 1635 865 1674 in
896 1634 1104 1674 codicibus
1134 1635 1282 1686 graecis
1310 1635 1557 1686 reperiuntur
1591 1634 1753 1675 Eusebii
1790 1634 2053 1674 Alexandrini

239 1689 401 1729 nomine
431 1689 659 1741 inscriptae,
694 1698 733 1729 et
750 1692 934 1741 leguntur
962 1703 1025 1740 ap.
1058 1688 1209 1740 Migne,
1233 1691 1276 1730 P.
1309 1691 1358 1730 G.
1381 1691 1462 1739 86¹,
1486 1703 1563 1740 313
1599 1703 1685 1741 sqq,
1710 1691 1820 1729 Inter
1854 1703 1952 1740 quas
1975 1703 2054 1728 una

236 1751 361 1785 exstat
394 1755 415 1786 «
440 1746 502 1785 De
523 1745 590 1785 die
610 1744 816 1784 dominico
837 1754 858 1786 >>
882 1743 975 1796 (col.
1009 1742 1118 1794 413),
1151 1757 1256 1795 quae
1285 1743 1325 1783 in
1355 1757 1581 1785 sermonem
1611 1744 1762 1785 codicis
1784 1744 1945 1785 Silensis
1968 1744 2054 1784 toti-

235 1801 328 1841 dem
350 1802 432 1842 fere
461 1799 589 1840 verbis
620 1800 807 1839 translata
837 1807 908 1839 est.

295 1923 321 1965 f.
345 1931 447 1975 294v
469 1922 685 1978 [F]ratres
709 1921 940 1971 karissimi,
962 1920 1170 1962 dominus
1193 1926 1237 1962 et
1259 1920 1456 1963 saluator
1478 1927 1627 1963 noster
1650 1935 1729 1976 pro
1751 1921 1887 1963 calice
1911 1934 2053 1976 aquae

239 1992 423 2046 frigidae
445 2024 550 2034 ......
571 1997 753 2034 aeterna
773 1990 914 2045 gloria
936 1990 1167 2033 tribuatur.
1192 1991 1274 2032 Per
1295 1991 1542 2043 dominum,
1564 1998 1645 2034 etc.

291 2118 521 2170 Exscriptus
551 2124 612 2158 est
641 2117 785 2168 partim
814 2130 862 2156 ex
888 2129 1003 2156 serm.
1027 2114 1241 2166 Augustini
1262 2099 1474 2168 (Caesarii)
1494 2115 1596 2156 inter
1618 2115 1802 2156 Maianos
1824 2118 1887 2166 63,
1909 2115 2052 2168 partim

236 2187 284 2214 ex
304 2187 419 2214 serm.
437 2173 609 2225 append.
634 2174 723 2223 306.

292 2296 319 2338 f.
342 2306 426 2348 299
449 2295 524 2337 Ad
560 2294 822 2336 memoriam
866 2299 1058 2335 uestram
1094 2292 1346 2334 reducimus
1388 2325 1493 2335 ......
1525 2292 1814 2347 diligentibus
1849 2308 1906 2337 se.
1946 2295 2052 2350 Ipso

234 2371 505 2420 praestante,
527 2370 614 2411 etc,

290 2491 395 2532 Vide
416 2504 534 2543 supra
554 2492 604 2531 ad
626 2492 690 2531 sol,
718 2498 823 2541 215v.

289 2614 315 2656 f.
343 2624 422 2666 303
450 2613 670 2655 Dominus
685 2602 948 2655 et'saluator
972 2617 1121 2654 noster
1136 2610 1326 2665 qualiter
1343 2611 1400 2653 ad
1423 2624 1525 2654 eum
1553 2645 1658 2654 ......
1678 2613 1721 2654 in
1741 2614 2050 2668 temptatione.

241 2683 376 2738 Quod
400 2684 508 2738 ipse,
524 2689 606 2725 ete.

290 2807 404 2847 Idem
419 2781 488 2858 qui
501 2806 643 2858 legitur
658 2819 777 2857 supra
790 2807 814 2845 f.
835 2819 897 2856 33.

291 2927 317 2969 f.
341 2928 424 2980 306
445 2927 656 2982 [U]erum
679 2934 758 2978 est,
795 2926 1071 2970 dilectissimi
1094 2927 1263 2977 fratres,
1285 2927 1404 2981 quod
1427 2939 1539 2968 crux
1559 2927 1730 2969 domini
1761 2928 1899 2970 nostri
1923 2928 2046 2970 ihesu

235 2997 314 3052 xpi
337 2997 526 3039 salutern
554 3029 660 3039 ......
686 2996 874 3039 salutem
898 2997 1023 3051 aquis
1041 2997 1286 3046 suscitauit,
1304 2997 1449 3050 ipsum
1472 2997 1719 3048 dominum,
1742 3003 1822 3040 etc.

291 3125 316 3167 f.
337 3132 438 3178 307v
462 3124 561 3179 Qm
595 3134 695 3167 Hoc
730 3133 940 3166 PEREGIT
971 3132 1096 3165 opus
1130 3132 1312 3164 REGNIS
1335 3132 1586 3165 POTIATUR
1611 3133 1868 3166 INFINITIS.
1891 3134 2047 3166 AMEN.

289 3332 419 3356 Anccuota
430 3332 539 3355 Marcus.
