2554 3658
668 355 723 388 IN
743 353 1195 387 *DECOLLATIONEM
1235 353 1418 386 SANCTr
1454 355 1717 389 IOHANNIS.
1998 350 2091 405 269

336 553 689 608 LEGENDUM
741 554 804 607 lN
858 551 1402 606 DECOLLATIONEM
1454 554 1677 608 SANCTI
1734 556 2037 612 IOHANNIS

215 713 223 715 ,
282 648 515 720 mecho
563 667 776 720 L113R1‘·
830 666 1169 716 1HEREM1E
1193 661 1583 728 'PROPHETE.,'
1617 662 1823 730 (XXXIII
1858 694 1890 728 1,
1925 643 1959 727 ξ,
1992 644 2096 731 3,)1,

845 774 905 809 10,
941 758 1006 811 11)
1053 760 1182 800 DEo
1225 759 1533 838 GRAT1As„
1645 813 1651 817 j
1806 743 1811 746 ’
1878 747 1881 749 ’

309 899 431 951 ΙΝ
457 898 760 952 DIEBUS
803 899 1026 950 I-LLISae
1059 901 1242 950 factum
1287 914 1363 950 est
1403 899 1611 952 uerbum
1635 906 1824 954 domini
1850 895 1913 954 ad
1942 896 2099 955 ihere-

284 983 432 1036 miani
458 1005 568 1036 cum
596 987 793 1035 clausus
821 999 955 1035 esset
981 987 1029 1034 in
1055 986 1182 1035 atrio
1206 987 1417 1035 carceris
1442 989 1646 1044 dicens„
1875 1016 1879 1019 -
2153 1004 2170 1038 5

354 1072 498 1119 Haec
525 1071 643 1118 dicit
669 1070 934 1124 dominus„

354 1155 528 1205 Clama
553 1155 615 1202 ad
643 1169 722 1202 me
748 1193 757 1202 .
787 1165 838 1202 et
873 1153 1135 1201 exaudiam
1158 1150 1179 1220 ΙΙ
1202 1165 1280 1215 te<
1325 1168 1375 1202 et
1417 1155 1725 1206 adnun‘tiabo
1769 1159 1856 1206 tibi
1893 1160 2103 1224 grandia

286 1253 336 1289 et
360 1240 501 1288 firma
527 1257 655 1304 quae
682 1239 872 1295 nescis„
903 1237 1035 1300 Quia
1060 1237 1182 1285 haec
1208 1238 1325 1286 dicit
1362 1239 1593 1288 dominus
1633 1243 1942 1291 exercituum
1980 1244 2104 1292 deus

289 1324 448 1381 srael„

357 1410 503 1458 Adue
528 1407 792 1456 audietur
781 1424 830 1454 in
855 1406 964 1454 loco
991 1406 1112 1454 istoc
1149 1424 1246 1454 uox
1270 1377 1438 1471 gaudii
1465 1420 1515 1457 et
1542 1427 1639 1458 uox
1666 1410 1852 1460 letitiae
2137 1433 2175 1456 ιο

345 1493 482 1542 on
506 1492 706 1557 sponsi(
739 1504 791 1540 et
817 1508 915 1538 uox
941 1507 1156 1553 sponse„

363 1578 481 1627 on
498 1577 768 1625 dicentium
785 1574 1088 1623 confitemini
1105 1574 1310 1623 domino
1325 1578 1660 1626 exercituums.
1686 1580 1925 1643 quoniam
1947 1581 2107 1628 bonus

289 1664 522 1712 dominus
547 1700 556 1710 .
586 1661 822 1725 quoniam
851 1660 898 1707 in
925 1659 1144 1708 seculum
1171 1660 1508 1710 misericordia
1536 1663 1673 1728 eius„
1704 1681 1850 1712 amen

489 1831 804 1871 EPISTOLA
854 1829 1044 1869 PAULI
1096 1827 1440 1870 APOSTOLM
1494 1832 1583 1871 AD
1634 1833 1922 1884 EBREOS.,

874 1910 952 1961 (XI
987 1911 1115 1958 24-28,
1148 1911 1297 1960 36-40;
1326 1913 1412 1951 XII
1448 1912 1527 1964 1-2)
1926 1968 1930 1970 μ
2140 1935 2177 1967 15

366 2051 740 2100 FRATRES<
790 2049 888 2097 fide
931 2067 1130 2113 moyses
1171 2049 1375 2114 grandis
1419 2050 1604 2098 factust.
1631 2052 1859 2116 >negabit
1904 2070 1958 2101 se
1990 2052 2112 2102 *esse

296 2132 448 2185 filium
476 2136 604 2184 filiae
630 2135 874 2183 faraonis<
908 2135 1069 2198 magis
1094 2133 1285 2198 eligens
1310 2133 1464 2199 affligi
1480 2152 1592 2182 cum
1612 2136 1799 2199 populo
1825 2137 1935 2185 deit
1962 2155 2112 2201 quam

299 2219 585 2284 temporalis
612 2218 801 2282 peccati
828 2218 1013 2266 habere
1039 2218 1428 2275 iucunditatem„

328 2300 333 2304 ”
364 2303 596 2351 Maiores·
615 2303 814 2350 diuitias
853 2301 1101 2350 extimans
1144 2301 1369 2349 tesauros
1407 2301 1727 2366 egyptiorum
1773 2305 2112 2369 inproperium

296 2388 380 2452 xpi
406 2387 679 2451 aspiciebat
705 2387 838 2435 enim
866 2386 915 2433 in
942 2385 1425 2442 remunerationem„
1539 2404 1542 2406 ·
1759 2425 1762 2427 .
2139 2411 2183 2435 20

366 2472 494 2520 Fide
519 2471 728 2535 reliquid
755 2483 997 2534 egyptum
1024 2486 1122 2517 non
1167 2469 1353 2517 ueritus
1388 2470 1759 2519 animositatem
1786 2478 1920 2538 regis
1948 2474 2114 2522 inuisi-

297 2557 447 2605 bilem
475 2556 607 2604 enim
634 2567 887 2619 tamquam
917 2554 1090 2602 uidens
1116 2554 1381 2611 sustinuit.,
1418 2552 1425 2618 Ι
1458 2559 1554 2616 363
1589 2553 1595 2619 Ι

370 2641 497 2689 Fide
521 2638 964 2702 celebrauit‘pasca
989 2655 1053 2686 ex
1076 2638 1336 2702 sanguinis
1345 2638 1631 2687 effusiones.
1657 2656 1720 2688 ne
1745 2641 1858 2704 quis
1886 2641 2115 2690 bastabat

303 2725 555 2789 primitiba
580 2735 810 2788 tangeret
837 2740 954 2778 eos,

347 2868 374 2891 1.
402 2859 440 2890 in
455 2858 698 2892 decollationem
724 2858 835 2888 sancti
859 2855 1046 2894 iohannis]
1070 2854 1171 2886 Vide·
1241 2865 1341 2896 quam
1365 2854 1472 2891 edidit
1499 2855 1729 2895 Mabillonius,
1762 2857 1815 2888 De
1830 2857 1948 2898 liturg.
1983 2859 2115 2899 Gallia,

300 2919 352 2946 tur
368 2914 432 2945 hoc
445 2912 566 2944 festum
582 2911 616 2943 in
633 2911 789 2943 omnibus
806 2909 965 2942 Ecclesiis
982 2909 1063 2940 ritus
1078 2907 1172 2950 galli·
1243 2919 1274 2950 p.
1309 2908 1383 2950 458.
1416 2908 1468 2941 Ibi
1499 2909 1589 2942 enim
1621 2910 1755 2952 legitur,
1789 2911 2018 2953 incipiendum
2046 2925 2118 2946 esse

299 2968 374 3002 cani
398 2968 531 3000 celebre
558 2966 638 2999 olim
665 2966 775 2998 fuisse.
808 2966 896 2997 Sane
921 2960 964 2995 ab
980 2974 1020 2995 eo
1044 2968 1172 3004 septem
1244 2971 1262 2996 4(
1278 2964 1430 2996 ordinem
1457 2965 1632 2997 Adventus
1659 2965 1831 2998 Dominici
1857 2966 1902 2998 ab
1927 2972 2037 2999 octavo
2056 2969 2117 3000 Ca-

299 3023 501 3056 Dominicae
527 3021 788 3055 denominantur
814 3020 849 3052 in
875 3014 1004 3051 Missali
1030 3019 1173 3050 Ambro-
1244 3026 1262 3051 «
1278 3019 1391 3050 landas
1431 3019 1586 3050 octubris
1623 3019 1871 3061 aequinoctium
1910 3024 2117 3062 autumnale,

300 3079 396 3111 siano
411 3084 534 3110 vetere.
555 3077 655 3117 Quod
672 3083 783 3108 autem
800 3074 866 3107 diei
883 3073 989 3106 sancti
1014 3073 1174 3115 Cypriani
1244 3079 1261 3105 ε(
1273 3078 1336 3114 pro
1360 3083 1394 3104 eo
1419 3074 1508 3115 quod
1521 3074 1631 3105 eadem
1654 3075 1709 3106 die
1722 3075 1900 3117 Johannes
1916 3077 2121 3110 praecursor

300 3134 383 3166 illud
400 3131 573 3175 postponit
590 3131 690 3163 Liber
708 3136 820 3162 noster
847 3128 1015 3166 Comicus,
1036 3137 1173 3159 consen·
1244 3134 1260 3159 α
1279 3128 1425 3159 Domini
1452 3139 1474 3159 a·
1504 3129 1686 3171 majoribus
1716 3130 1881 3170 traditur,
1915 3136 1947 3163 et
1987 3132 2119 3174 Angelo

301 3188 440 3222 tiente'm
456 3187 557 3219 habet
577 3183 951 3226 Pseudo-Augustinum
967 3182 1002 3213 in
1020 3182 1174 3224 Epistola
1244 3189 1261 3213 (ί
1278 3182 1453 3214 nuntiante
1469 3188 1664 3225 conceptus,
1684 3188 1717 3216 et
1735 3184 1880 3217 Herodis
1895 3185 2035 3227 funesti
2043 3187 2116 3230 gla-

301 3242 342 3275 ad
374 3241 551 3274 Bibianum
577 3239 778 3273 Santonicae
795 3238 940 3271 civitatis
957 3236 1169 3275 Antistitem‚
1243 3243 1261 3269 ‹
1277 3236 1331 3268 dio
1348 3236 1550 3271 trucidatus.
1570 3245 1589 3272 )
