2554 3658
477 336 541 382 44
1032 338 1100 369 YN
1138 336 1409 369 ALLISIONE
1446 336 1730 368 INFANTUM.

548 448 699 498 Racel
747 449 952 515 'plorans
1013 448 1139 498 filios
1193 464 1339 498 suosJ.
1400 461 1450 498 et
1501 448 1657 497 noluit
1716 448 1958 497 consolari
2014 466 2163 513 super
2221 449 2293 498 eis

477 532 593 596 quia
632 550 730 582 non
769 545 912 590 sunt.‚
961 534 1074 582 Hec
1117 533 1234 581 dicit
1277 533 1538 589 dominus,
1591 532 1831 594 Quiescat
1874 549 1971 581 uox
2007 544 2091 581 tua
2127 550 2155 581 a
2191 532 2295 597 plo-

481 629 588 665 ratu
633 655 643 666 .
690 629 739 666 et
775 617 901 666 oculi
929 618 998 666 tui
1040 635 1068 665 a
1110 616 1350 664 lacrimis<
1395 616 1510 680 quia
1552 627 1628 664 est
1672 633 1861 677 merces
1904 617 2042 681 operi
2085 629 2171 665 tuo
2213 628 2298 681 ayt

480 700 743 758 dominus,

437 803 455 838 5
551 790 619 838 Et
645 801 957 838 reuertentur
983 789 1044 837 de
1072 801 1202 837 terra
1229 788 1442 836 inimicia
1476 800 1525 836 et
1552 799 1629 836 est
1654 805 1770 852 spes
1798 788 1845 836 in
1884 788 2166 837 nobissimis
2205 789 2301 837 tuis

480 885 564 938 ayt
588 873 854 931 dominus.,

551 964 619 1012 Et
644 974 956 1012 reuertentur
980 962 1065 1011 filii
1092 962 1154 1010 ad
1181 962 1420 1011 terminos
1446 976 1593 1010 suosl.
1635 963 1843 1011 audiens
1868 962 2035 1011 audiui
2062 963 2301 1028 ephraym

481 1049 952 1114 transmigrantem,

549 1139 818 1204 Castigasti
850 1156 929 1187 me
962 1149 1012 1186 et
1041 1138 1264 1186 eruditus
1294 1150 1432 1185 sums.
1476 1137 1617 1200 quasi
1662 1137 1954 1185 iubenculus
1998 1138 2298 1194 indomitus,

419 1239 457 1264 10
482 1223 733 1271 Conuerte
760 1240 839 1271 me
865 1235 914 1271 et
941 1235 1189 1272 reuertar(
1222 1222 1337 1287 quia
1364 1234 1415 1270 tu
1436 1239 1490 1270 es
1510 1222 1633 1270 deus
1660 1239 1829 1279 meus„
1864 1224 2149 1287 Postquam
2168 1223 2299 1272 enim

479 1307 767 1355 conuertisti
811 1324 890 1355 me
924 1308 1004 1372 egi
1042 1307 1398 1372 penitentiam!-
1438 1318 1488 1355 et
1519 1319 1633 1370 post
1662 1324 1810 1371 quam
1854 1307 2152 1356 hostendisti
2184 1307 2298 1355 mici

479 1391 726 1454 percussi*
754 1392 913 1439 femur
939 1409 1135 1449 meum,
1172 1392 1177 1457 Ι
1218 1407 1305 1453 113
1342 1390 1348 1456 Ι

547 1481 798 1529 Confusus
823 1498 932 1529 sum
959 1493 1007 1529 et
1041 1482 1243 1530 erubuis.
1276 1481 1511 1545 quoniam
1548 1481 1758 1529 sustinui
1785 1482 2105 1544 obprobrium
2133 1482 2297 1530 adule-

477 1566 665 1614 scentie
692 1583 831 1622 mee„

416 1674 452 1708 15
546 1658 600 1707 Si
643 1658 769 1706 filius
812 1656 1114 1706 honorabilis
1158 1656 1269 1704 mici
1296 1655 1564 1720 ephrayms.
1598 1656 1638 1704 si
1664 1673 1786 1720 puer
1811 1655 2048 1705 delicatus
2085 1655 2198 1719 quia
2234 1673 2295 1704 ex

477 1759 576 1806 quo
601 1742 834 1806 loquutus
861 1759 970 1790 sum
997 1741 1059 1790 de
1085 1755 1174 1790 eos.
1207 1741 1332 1789 aduc
1359 1740 1660 1788 recordabor
1685 1741 1821 1798 eius„

549 1833 739 1881 Idcirco
787 1832 1082 1881 conturbata
1124 1843 1240 1880 sunt
1283 1831 1473 1879 uiscera
1515 1847 1627 1878 mea
1668 1847 1818 1894 super
1860 1846 2004 1880 eumd
2054 1833 2295 1884 miserans

476 1917 748 1965 miserebor
767 1917 872 1965 eius
898 1928 982 1981 ayt
1007 1916 1239 1965 dominus
1265 1915 1615 1979 omnipotens„
1645 1932 1789 1964 amen

379 2149 381 2151 ,
685 2104 1002 2144 EPISTOLA
1041 2104 1233 2143 PAULI
1272 2103 1621 2142 APOSTOLH
1664 2103 1750 2142 AD
1789 2080 2078 2153 EBREO'S.,

409 2201 451 2227 20
1282 2187 1344 2239 (II
1377 2187 1486 2239 9-18)
1997 2199 2000 2201 ·

545 2328 888 2376 FRATRES
946 2325 1303 2374 UIDEMUS
1359 2324 1549 2374 ihesum
1594 2342 1711 2389 xpm
1757 2337 1960 2389 propter
1996 2326 2291 2389 v'passionem

475 2413 646 2462 mortis
671 2412 828 2477 gloria
853 2423 902 2460 et
927 2411 1169 2460 honorem
1196 2421 1518 2459 coronatum(
1551 2421 1605 2458 ut
1628 2409 1790 2475 gratia
1820 2410 1899 2458 dei
1931 2427 2021 2473 pro
2058 2411 2289 2459 omnibus

473 2509 698 2563 gustaret
724 2507 966 2553 mortem,

544 2587 770 2636 Decebat
796 2586 927 2634 enim
954 2602 1066 2634 eum
1094 2596 1296 2649 propter
1320 2601 1469 2648 quem
1495 2584 1691 2632 omnia<
1724 2595 1772 2632 et
1798 2601 1887 2648 per
1910 2601 2059 2647 quem
2083 2584 2282 2641 omnia,

409 2702 447 2736 25
541 2678 642 2741 Qui
685 2676 864 2725 multos
907 2675 1032 2723 filios
1081 2675 1356 2723 adduxerat
1406 2674 1453 2721 in
1496 2673 1704 2739 gloriam
1750 2671 1767 2741 ΙΙ
1813 2685 2064 2722 auctorem
2114 2674 2285 2722 salutis

473 2779 644 2811 eorum
670 2777 758 2824 per
782 2759 1065 2824 passionem
1092 2758 1403 2814 consumari.‚

543 2852 642 2915 Qui
668 2850 799 2899 enim
826 2848 1127 2897 sanctificata
1160 2861 1209 2897 et
1235 2848 1689 2897 sanctificanturex
1715 2862 1814 2893 uno
1835 2862 2039 2901 omnes,

542 2943 750 3005 Propter
791 2956 939 3002 quam
979 2954 1206 2986 causams.
1258 2956 1355 2987 non
1399 2937 1716 2986 confunditur
1763 2935 1938 2983 fratres
1977 2952 2063 2983 eos
2106 2930 2285 2984 uocare

473 3028 672 3081 dicens,

395 3139 448 3174 ,30
543 3114 800 3164 Nuntiabo
827 3130 1007 3161 nomen
1034 3124 1172 3160 tuum
1200 3111 1430 3159 fratribus
1468 3110 1620 3158 meisa
1664 3110 1712 3157 in
1744 3109 1908 3157 medio
1941 3107 2151 3157 aeclesie
2182 3108 2282 3156 lau-

470 3201 601 3249 dabo
627 3211 706 3254 te.,
