2554 3658
522 379 575 409 12
804 394 806 399 =
1127 377 1181 409 IN
1221 376 1414 410 SANCTE
1451 377 1714 411 EULALIAE.

600 551 918 591 EPISTOLA
951 550 1143 590 PAULI
1178 544 1525 588 APOSTOLH
1565 548 1659 605 AD>
1683 549 1984 588 GALATAS.
2016 546 2077 599 (11
2114 560 2242 597 19-20,

1275 629 1336 666 VI
1371 641 1428 675 14,
1456 626 1589 678 17-18)

588 736 789 784 Fratres
815 752 910 800 ego
935 751 1023 798 per
1046 733 1208 801 legem
1240 732 1337 797 legi
1372 742 1594 780 mortuus
1636 749 1745 780 sum
1785 743 1837 780 ut
1877 732 1972 780 deo
1997 732 2192 780 uibama
2227 749 2326 795 xpo

470 844 484 873 ς,
520 819 743 868 confixus
768 836 876 867 sum
903 818 1063 874 cruci,
1097 816 1103 882 Ι
1141 832 1202 878 50
1233 815 1239 882 Ι

476 913 494 948 5
591 903 727 951 Uibo
752 914 917 951 autem
944 902 1040 949 iarn
1067 918 1165 949 non
1192 914 1317 965 ego!-
1341 899 1463 947 uiuit
1487 916 1607 947 uero
1633 899 1681 947 in
1708 917 1788 948 me
1813 917 1942 963 xps,
2000 940 2002 943 ,

589 987 739 1049 Quod
765 998 929 1034 autem
956 985 1071 1032 uiuo
1092 984 1139 1031 in
1167 1001 1313 1032 carne
1339 983 1385 1031 in
1414 982 1511 1031 fide
1534 983 1651 1031 uiuo
1677 983 1760 1031 filii
1787 984 1867 1032 dei
1893 983 1975 1047 qui
2006 983 2180 1031 dilexit
2212 997 2320 1031 me<

520 1083 570 1120 'et
594 1071 795 1119 tradidit
819 1061 1140 1132 semetipsum
1168 1085 1257 1132 pro
1284 1085 1393 1124 me„
1427 1069 1547 1116 Mici
1574 1079 1739 1116 autem
1765 1068 1894 1116 absit
1918 1066 2130 1132 gloriari.
2160 1068 2252 1116 nisi
2279 1068 2327 1115 in

520 1173 664 1204 cruce
699 1154 885 1203 domini
912 1155 1008 1202 mei
1051 1154 1189 1202 ihesu
1216 1152 1328 1216 xpic
1362 1169 1449 1215 per
1487 1169 1635 1216 quem
1679 1152 1790 1200 miei
1818 1152 2031 1199 mundus
2066 1151 2328 1200 crucifixus

452 1244 454 1247 ’
521 1251 596 1288 est
615 1251 666 1288 et
685 1256 782 1302 ego
808 1238 1025 1295 mund0.‚

458 1332 498 1355 ¹0
593 1324 673 1371 De
698 1334 863 1371 cetero
889 1333 1084 1370 autem<
1117 1338 1264 1370 nemo
1291 1321 1401 1369 mici
1429 1319 1666 1368 molestus
1691 1321 1767 1369 sit.

591 1406 706 1471 Ego
732 1406 863 1455 enim
890 1407 1116 1454 sticmata
1141 1405 1280 1454 ihesu
1308 1405 1356 1453 in
1382 1422 1589 1469 corpore
1615 1422 1728 1454 meo
1753 1416 1926 1469 portos.
1959 1404 2120 1469 gratia
2143 1404 2331 1452 domini

522 1491 674 1540 nostri
702 1490 840 1539 ihesu
867 1491 951 1555 xpi
978 1507 1087 1538 cum
1116 1490 1290 1554 spiritu
1315 1500 1518 1546 sancto„
1549 1507 1694 1538 amen

523 1636 759 1676 LECTIO
813 1636 1043 1676 SANCTI
1096 1637 1486 1681 EUANGELHJ.
1540 1639 1901 1678 SECUNDUM
1956 1603 2328 1685 MATHEUM.,

1277 1722 1393 1773 (XVI
1427 1721 1563 1774 24-25)

455 1844 492 1880 15
590 1827 649 1874 In'
674 1824 755 1874 illo
781 1837 1033 1889 tempores:
1066 1826 1295 1875 dominus
1322 1839 1490 1877 noster
1516 1827 1681 1876 ihesus
1708 1842 1828 1891 xpsc
1860 1826 2157 1890 loquebatur
2184 1825 2327 1873 disci-

517 1909 644 1974 pulis
679 1909 779 1957 suis
804 1909 1002 1967 dicens„
1031 1911 1086 1959 Si
1112 1911 1221 1975 quis
1265 1912 1368 1960 uult
1412 1924 1524 1976 post
1564 1930 1642 1960 me
1683 1912 1879 1960 uenires.
1913 1912 2129 1976 abneget
2167 1921 2325 1959 semet

519 1995 677 2058 ipsum
698 1992 716 2061 ΙΙ
740 1994 832 2041 sibi
858 2005 907 2042 et
930 1994 1070 2042 tollat
1097 2013 1291 2044 crucem
1312 2014 1451 2044 suam
1479 2009 1527 2045 et
1553 2010 1790 2060 sequatur
1815 2013 1906 2044 me.

584 2078 683 2141 Qui
710 2078 841 2126 enim
876 2078 1085 2127 uoluerit
1115 2080 1329 2128 animam
1367 2098 1505 2128 suam
1540 2080 1727 2128 salbam
1763 2080 1922 2128 facere
1948 2094 1965 2124 c
2008 2078 2181 2142 perdet
2200 2095 2324 2127 earn.

585 2162 653 2211 Et
686 2163 769 2226 qui
802 2163 1072 2226 perdiderit
1105 2163 1320 2211 animam
1350 2181 1490 2211 suam
1524 2176 1726 2228 propter
1766 2178 1895 2228 mes.¹
1923 2156 2140 2210 inueniet
2183 2178 2325 2218 eam.‚

451 2268 494 2291 20
516 2264 691 2304 amen„

884 2393 1235 2448 LEGENDUM
1269 2395 1330 2448 IN
1363 2394 1605 2448 SANCTE
1636 2394 1956 2448 EULALIAE

738 2534 979 2577 LECTIO
1007 2537 1218 2576 LIBRIA
1254 2536 1469 2577 ESAYE.
1501 2537 1849 2577 PROPHETE
1880 2531 2000 2583 (LIV
2039 2530 2119 2581 1-3)

454 2670 495 2705 25
589 2653 762 2700 Lauda
786 2654 978 2702 sterelis
1003 2671 1099 2718 que
1128 2672 1226 2702 non
1253 2655 1383 2718 paris
1409 2655 1621 2703 decanta
1643 2653 1838 2702 laudem
1864 2664 1914 2701 et
1951 2652 2051 2700 inni
2091 2670 2188 2716 que
2226 2668 2324 2699 non

521 2738 776 2800 pariebas(
799 2772 801 2774 -
824 2738 1058 2801 quoniam
1090 2738 1242 2786 multe
1283 2739 1412 2787 filiae
1450 2739 1673 2787 deserte(
1719 2738 1876 2803 magis
1918 2755 2065 2801 quam
2092 2737 2197 2785 eius
2232 2753 2328 2800 que

522 2820 672 2869 habet
696 2821 854 2869 uirum
881 2822 997 2870 dicit
1036 2823 1295 2880 dominus„
1342 2823 1511 2871 Dilata
1549 2822 1709 2871 locum
1736 2822 1933 2870 tentorii
1961 2822 2058 2870 tuis.
2091 2833 2140 2870 et
2173 2819 2327 2884 pelles

523 2904 948 2953 tabernaculorum
976 2918 1170 2954 tuorum
1191 2909 1406 2956 extende
1433 2925 1494 2955 ne
1512 2925 1714 2971 parcas„

594 2989 798 3052 Longos
824 2989 898 3036 fac
924 2990 1164 3038 funiculos
1191 3002 1330 3039 tuos(
1363 3003 1411 3039 et
1437 2991 1601 3039 clauos
1628 3003 1737 3038 tuos
1763 2988 2044 3043 consolida,

459 3092 501 3125 30
591 3073 675 3120 Ad
713 3073 969 3121 dexteram
1011 3074 1143 3122 enirn
1178 3074 1184 3139 Ι
1218 3089 1271 3135 5ῐ
1314 3073 1399 3139 {et
1437 3075 1499 3122 ad
1543 3074 1703 3121 lebam
1743 3073 2025 3136 penetrabis
2068 3084 2116 3120 et
2157 3090 2326 3121 semen

524 3166 662 3203 tuum
703 3168 880 3221 gentes
923 3156 1246 3206 hereditauit(
1296 3170 1344 3206 et
1386 3159 1612 3206 ciuitates
1653 3158 1873 3206 desertas
1916 3156 2209 3206 inhabitauit
2245 3169 2329 3225 ayt

524 3240 753 3298 dominus
777 3241 1124 3305 omnipotenS.,
