<?xml version="1.0" encoding="UTF-8"?>
<!DOCTYPE html PUBLIC "-//W3C//DTD XHTML 1.0 Transitional//EN"
    "http://www.w3.org/TR/xhtml1/DTD/xhtml1-transitional.dtd">
<html xmlns="http://www.w3.org/1999/xhtml" xml:lang="en" lang="en">
 <head>
  <title>
</title>
<meta http-equiv="Content-Type" content="text/html;charset=utf-8" />
  <meta name='ocr-system' content='tesseract 3.04.00' />
  <meta name='ocr-capabilities' content='ocr_page ocr_carea ocr_par ocr_line ocrx_word'/>
</head>
<body>
  <div class='ocr_page' id='page_1' title='image "./libercomicussive00moriuoft_0452.png"; bbox 0 0 2554 3658; ppageno 0'>
   <div class='ocr_carea' id='block_1_1' title="bbox 506 339 1708 384">
    <p class='ocr_par' dir='ltr' id='par_1_1' title="bbox 506 339 1708 384">
     <span class='ocr_line' id='line_1_1' title="bbox 506 339 1708 384; baseline 0.001 -14"><span class='ocrx_word' id='word_1_1' title='bbox 506 339 603 384; x_wconf 86' lang='lat'><strong>420</strong></span> <span class='ocrx_word' id='word_1_2' title='bbox 1106 339 1358 372; x_wconf 91' lang='lat' dir='ltr'><strong>HOMILIAE</strong></span> <span class='ocrx_word' id='word_1_3' title='bbox 1394 339 1708 372; x_wconf 88' lang='lat' dir='ltr'><strong>TOLETANAE.</strong></span> 
     </span>
    </p>
   </div>
   <div class='ocr_carea' id='block_1_2' title="bbox 445 452 2308 774">
    <p class='ocr_par' dir='ltr' id='par_1_2' title="bbox 445 452 2308 774">
     <span class='ocr_line' id='line_1_2' title="bbox 505 452 2302 503; baseline 0.001 -12"><span class='ocrx_word' id='word_1_4' title='bbox 505 453 669 491; x_wconf 92' lang='lat' dir='ltr'><strong>verbum</strong></span> <span class='ocrx_word' id='word_1_5' title='bbox 699 452 775 492; x_wconf 93' lang='lat' dir='ltr'><strong>Dei</strong></span> <span class='ocrx_word' id='word_1_6' title='bbox 807 453 960 492; x_wconf 89' lang='lat' dir='ltr'><strong>recitari</strong></span> <span class='ocrx_word' id='word_1_7' title='bbox 991 453 1176 503; x_wconf 83' lang='lat' dir='ltr'><strong>coeperit,</strong></span> <span class='ocrx_word' id='word_1_8' title='bbox 1213 453 1292 491; x_wconf 91' lang='lat' dir='ltr'><strong>cito</strong></span> <span class='ocrx_word' id='word_1_9' title='bbox 1327 453 1550 491; x_wconf 90' lang='lat' dir='ltr'><strong>discedunt.</strong></span> <span class='ocrx_word' id='word_1_10' title='bbox 1577 462 1597 493; x_wconf 85' lang='lat'>«</span> <span class='ocrx_word' id='word_1_11' title='bbox 1632 454 1838 501; x_wconf 87' lang='lat' dir='ltr'><strong>Quantum</strong></span> <span class='ocrx_word' id='word_1_12' title='bbox 1860 458 1917 491; x_wconf 87' lang='lat' dir='ltr'><strong>est</strong></span> <span class='ocrx_word' id='word_1_13' title='bbox 1938 453 2026 501; x_wconf 90' lang='lat' dir='ltr'><strong>hoc,</strong></span> <span class='ocrx_word' id='word_1_14' title='bbox 2048 453 2183 492; x_wconf 83' lang='lat' dir='ltr'><strong>fratres</strong></span> <span class='ocrx_word' id='word_1_15' title='bbox 2211 452 2302 501; x_wconf 88' lang='lat' dir='ltr'><strong>mei,</strong></span> 
     </span>
     <span class='ocr_line' id='line_1_3' title="bbox 508 505 2308 557; baseline -0.001 -10"><span class='ocrx_word' id='word_1_16' title='bbox 508 517 528 547; x_wconf 85' lang='grc'><strong>&lt;&lt;</strong></span> <span class='ocrx_word' id='word_1_17' title='bbox 550 506 690 556; x_wconf 82' lang='lat' dir='ltr'><strong>inquit,</strong></span> <span class='ocrx_word' id='word_1_18' title='bbox 712 507 821 556; x_wconf 89' lang='lat' dir='ltr'><strong>quod</strong></span> <span class='ocrx_word' id='word_1_19' title='bbox 842 520 910 546; x_wconf 91' lang='lat' dir='ltr'><strong>eos</strong></span> <span class='ocrx_word' id='word_1_20' title='bbox 932 514 1148 557; x_wconf 85' lang='lat' dir='ltr'><strong>occupatos</strong></span> <span class='ocrx_word' id='word_1_21' title='bbox 1170 514 1303 546; x_wconf 89' lang='lat' dir='ltr'><strong>tenere</strong></span> <span class='ocrx_word' id='word_1_22' title='bbox 1333 506 1545 545; x_wconf 85' lang='lat' dir='ltr'><strong>videmur?</strong></span> <span class='ocrx_word' id='word_1_23' title='bbox 1567 507 1617 545; x_wconf 92' lang='lat' dir='ltr'><strong>Et</strong></span> <span class='ocrx_word' id='word_1_24' title='bbox 1639 505 1712 557; x_wconf 90' lang='lat' dir='ltr'><strong>ipsi</strong></span> <span class='ocrx_word' id='word_1_25' title='bbox 1733 505 1886 554; x_wconf 89' lang='lat' dir='ltr'><strong>videtis,</strong></span> <span class='ocrx_word' id='word_1_26' title='bbox 1907 505 2000 556; x_wconf 91' lang='lat' dir='ltr'><strong>quia</strong></span> <span class='ocrx_word' id='word_1_27' title='bbox 2027 506 2090 545; x_wconf 85' lang='lat' dir='ltr'><strong>vix</strong></span> <span class='ocrx_word' id='word_1_28' title='bbox 2109 513 2168 546; x_wconf 90' lang='lat' dir='ltr'><strong>est</strong></span> <span class='ocrx_word' id='word_1_29' title='bbox 2193 506 2308 546; x_wconf 87' lang='lat' dir='ltr'><strong>dimi-</strong></span> 
     </span>
     <span class='ocr_line' id='line_1_4' title="bbox 445 560 2304 611; baseline -0.001 -10"><span class='ocrx_word' id='word_1_30' title='bbox 445 584 447 586; x_wconf 89' lang='lat'>·</span> <span class='ocrx_word' id='word_1_31' title='bbox 508 570 528 601; x_wconf 88' lang='lat'>«</span> <span class='ocrx_word' id='word_1_32' title='bbox 551 561 639 599; x_wconf 84' lang='lat' dir='ltr'><strong>diae</strong></span> <span class='ocrx_word' id='word_1_33' title='bbox 655 561 775 599; x_wconf 87' lang='lat' dir='ltr'><strong>horae</strong></span> <span class='ocrx_word' id='word_1_34' title='bbox 797 561 965 611; x_wconf 90' lang='lat' dir='ltr'><strong>spatium</strong></span> <span class='ocrx_word' id='word_1_35' title='bbox 982 575 992 609; x_wconf 81' lang='lat'>3</span> <span class='ocrx_word' id='word_1_36' title='bbox 1010 574 1101 599; x_wconf 91' lang='lat' dir='ltr'><strong>cum</strong></span> <span class='ocrx_word' id='word_1_37' title='bbox 1120 569 1265 607; x_wconf 89' lang='lat' dir='ltr'><strong>tamen,</strong></span> <span class='ocrx_word' id='word_1_38' title='bbox 1290 568 1332 599; x_wconf 91' lang='lat' dir='ltr'><strong>ut</strong></span> <span class='ocrx_word' id='word_1_39' title='bbox 1346 572 1536 610; x_wconf 88' lang='lat' dir='ltr'><strong>pauperes</strong></span> <span class='ocrx_word' id='word_1_40' title='bbox 1558 560 1740 599; x_wconf 87' lang='lat' dir='ltr'><strong>homines</strong></span> <span class='ocrx_word' id='word_1_41' title='bbox 1758 561 1818 599; x_wconf 89' lang='lat' dir='ltr'><strong>vel</strong></span> <span class='ocrx_word' id='word_1_42' title='bbox 1838 573 2115 611; x_wconf 83' lang='lat' dir='ltr'><strong>quoscumque</strong></span> <span class='ocrx_word' id='word_1_43' title='bbox 2136 560 2304 600; x_wconf 86' lang='lat' dir='ltr'><strong>artifices</strong></span> 
     </span>
     <span class='ocr_line' id='line_1_5' title="bbox 508 614 2305 664; baseline -0.001 -9"><span class='ocrx_word' id='word_1_44' title='bbox 508 625 529 655; x_wconf 84' lang='lat'>«</span> <span class='ocrx_word' id='word_1_45' title='bbox 551 616 602 653; x_wconf 90' lang='lat' dir='ltr'><strong>de</strong></span> <span class='ocrx_word' id='word_1_46' title='bbox 618 615 697 653; x_wconf 92' lang='lat' dir='ltr'><strong>suis</strong></span> <span class='ocrx_word' id='word_1_47' title='bbox 718 628 798 653; x_wconf 89' lang='lat' dir='ltr'><strong>non</strong></span> <span class='ocrx_word' id='word_1_48' title='bbox 828 616 1072 654; x_wconf 83' lang='lat' dir='ltr'><strong>retardemus</strong></span> <span class='ocrx_word' id='word_1_49' title='bbox 1094 614 1294 664; x_wconf 82' lang='lat' dir='ltr'><strong>operibus,</strong></span> <span class='ocrx_word' id='word_1_50' title='bbox 1326 615 1512 664; x_wconf 88' lang='lat' dir='ltr'><strong>quotiens</strong></span> <span class='ocrx_word' id='word_1_51' title='bbox 1547 627 1676 653; x_wconf 88' lang='lat' dir='ltr'><strong>sermo</strong></span> <span class='ocrx_word' id='word_1_52' title='bbox 1707 615 1860 653; x_wconf 86' lang='lat' dir='ltr'><strong>futurus</strong></span> <span class='ocrx_word' id='word_1_53' title='bbox 1880 621 1950 663; x_wconf 88' lang='lat' dir='ltr'><strong>est,</strong></span> <span class='ocrx_word' id='word_1_54' title='bbox 1980 614 2171 654; x_wconf 88' lang='lat' dir='ltr'><strong>maturius</strong></span> <span class='ocrx_word' id='word_1_55' title='bbox 2191 614 2305 655; x_wconf 85' lang='lat' dir='ltr'><strong>facia-</strong></span> 
     </span>
     <span class='ocr_line' id='line_1_6' title="bbox 509 668 2306 719; baseline 0 -10"><span class='ocrx_word' id='word_1_56' title='bbox 509 678 529 709; x_wconf 88' lang='lat'>«</span> <span class='ocrx_word' id='word_1_57' title='bbox 551 681 639 707; x_wconf 90' lang='lat' dir='ltr'><strong>mus</strong></span> <span class='ocrx_word' id='word_1_58' title='bbox 661 670 855 718; x_wconf 86' lang='lat' dir='ltr'><strong>psalmum</strong></span> <span class='ocrx_word' id='word_1_59' title='bbox 874 669 1247 719; x_wconf 84' lang='lat' dir='ltr'><strong>quinquagesimum</strong></span> <span class='ocrx_word' id='word_1_60' title='bbox 1270 669 1362 716; x_wconf 89' lang='lat' dir='ltr'><strong>dici,</strong></span> <span class='ocrx_word' id='word_1_61' title='bbox 1384 675 1427 707; x_wconf 91' lang='lat' dir='ltr'><strong>ut</strong></span> <span class='ocrx_word' id='word_1_62' title='bbox 1458 681 1537 707; x_wconf 91' lang='lat' dir='ltr'><strong>non</strong></span> <span class='ocrx_word' id='word_1_63' title='bbox 1559 668 1723 717; x_wconf 84' lang='lat' dir='ltr'><strong>tardius,</strong></span> <span class='ocrx_word' id='word_1_64' title='bbox 1745 669 1815 707; x_wconf 91' lang='lat' dir='ltr'><strong>sed</strong></span> <span class='ocrx_word' id='word_1_65' title='bbox 1836 681 1993 719; x_wconf 88' lang='lat' dir='ltr'><strong>semper</strong></span> <span class='ocrx_word' id='word_1_66' title='bbox 2013 669 2110 709; x_wconf 87' lang='lat' dir='ltr'><strong>hora</strong></span> <span class='ocrx_word' id='word_1_67' title='bbox 2142 681 2306 709; x_wconf 86' lang='lat' dir='ltr'><strong>consue-</strong></span> 
     </span>
     <span class='ocr_line' id='line_1_7' title="bbox 510 722 2031 774; baseline -0.001 -11"><span class='ocrx_word' id='word_1_68' title='bbox 510 733 530 763; x_wconf 90' lang='lat'><strong>(&lt;</strong></span> <span class='ocrx_word' id='word_1_69' title='bbox 551 723 748 762; x_wconf 87' lang='lat' dir='ltr'><strong>tudinaria</strong></span> <span class='ocrx_word' id='word_1_70' title='bbox 769 724 821 763; x_wconf 92' lang='lat' dir='ltr'><strong>de</strong></span> <span class='ocrx_word' id='word_1_71' title='bbox 841 723 1010 762; x_wconf 87' lang='lat' dir='ltr'><strong>ecclesia</strong></span> <span class='ocrx_word' id='word_1_72' title='bbox 1032 730 1200 762; x_wconf 88' lang='lat' dir='ltr'><strong>exeatur.</strong></span> <span class='ocrx_word' id='word_1_73' title='bbox 1227 733 1248 764; x_wconf 85' lang='lat'>»</span> <span class='ocrx_word' id='word_1_74' title='bbox 1272 723 1473 774; x_wconf 86' lang='lat' dir='ltr'><strong>(Append.</strong></span> <span class='ocrx_word' id='word_1_75' title='bbox 1492 725 1659 774; x_wconf 87' lang='lat' dir='ltr'><strong>August.</strong></span> <span class='ocrx_word' id='word_1_76' title='bbox 1684 735 1799 762; x_wconf 87' lang='lat' dir='ltr'><strong>serm.</strong></span> <span class='ocrx_word' id='word_1_77' title='bbox 1818 724 1906 773; x_wconf 87' lang='lat'><strong>285,</strong></span> <span class='ocrx_word' id='word_1_78' title='bbox 1923 735 1958 762; x_wconf 93' lang='lat' dir='ltr'><strong>n.</strong></span> <span class='ocrx_word' id='word_1_79' title='bbox 1977 722 2031 774; x_wconf 88' lang='lat'><strong>3.)</strong></span> 
     </span>
    </p>
   </div>
   <div class='ocr_carea' id='block_1_3' title="bbox 504 829 2304 1041">
    <p class='ocr_par' dir='ltr' id='par_1_3' title="bbox 504 829 2304 1041">
     <span class='ocr_line' id='line_1_8' title="bbox 562 829 2303 904; baseline -0.003 -11"><span class='ocrx_word' id='word_1_80' title='bbox 562 852 588 893; x_wconf 91' lang='lat' dir='ltr'><strong>f.</strong></span> <span class='ocrx_word' id='word_1_81' title='bbox 618 853 714 904; x_wconf 71' lang='lat' dir='ltr'><strong>137V</strong></span> <span class='ocrx_word' id='word_1_82' title='bbox 739 852 969 890; x_wconf 84' lang='lat' dir='ltr'><strong>Homeiia</strong></span> <span class='ocrx_word' id='word_1_83' title='bbox 1004 851 1161 887; x_wconf 86' lang='lat' dir='ltr'><strong>sancti</strong></span> <span class='ocrx_word' id='word_1_84' title='bbox 1198 829 1424 896; x_wconf 78' lang='lat' dir='ltr'><strong>Agust-ini</strong></span> <span class='ocrx_word' id='word_1_85' title='bbox 1459 850 1677 898; x_wconf 87' lang='lat' dir='ltr'><strong>episcopi</strong></span> <span class='ocrx_word' id='word_1_86' title='bbox 1697 849 1906 896; x_wconf 84' lang='lat' dir='ltr'><strong>legenda</strong></span> <span class='ocrx_word' id='word_1_87' title='bbox 1926 850 1979 888; x_wconf 91' lang='lat' dir='ltr'><strong>in</strong></span> <span class='ocrx_word' id='word_1_88' title='bbox 1999 849 2303 898; x_wconf 86' lang='lat' dir='ltr'><strong>quotidiano.</strong></span> 
     </span>
     <span class='ocr_line' id='line_1_9' title="bbox 507 915 2304 974; baseline -0.001 -12"><span class='ocrx_word' id='word_1_89' title='bbox 507 921 700 962; x_wconf 89' lang='lat' dir='ltr'><strong>Primum</strong></span> <span class='ocrx_word' id='word_1_90' title='bbox 726 921 903 974; x_wconf 88' lang='lat' dir='ltr'><strong>quidem</strong></span> <span class='ocrx_word' id='word_1_91' title='bbox 925 920 1054 960; x_wconf 91' lang='lat' dir='ltr'><strong>decet</strong></span> <span class='ocrx_word' id='word_1_92' title='bbox 1088 932 1168 960; x_wconf 93' lang='lat' dir='ltr'><strong>nos</strong></span> <span class='ocrx_word' id='word_1_93' title='bbox 1206 919 1357 960; x_wconf 88' lang='lat' dir='ltr'><strong>audire</strong></span> <span class='ocrx_word' id='word_1_94' title='bbox 1391 919 1604 960; x_wconf 86' lang='lat' dir='ltr'><strong>iustitiam</strong></span> <span class='ocrx_word' id='word_1_95' title='bbox 1636 950 1741 960; x_wconf 91' lang='grc'><strong>......</strong></span> <span class='ocrx_word' id='word_1_96' title='bbox 1767 919 1870 961; x_wconf 90' lang='lat' dir='ltr'><strong>iusti</strong></span> <span class='ocrx_word' id='word_1_97' title='bbox 1907 925 2055 961; x_wconf 88' lang='lat' dir='ltr'><strong>autem</strong></span> <span class='ocrx_word' id='word_1_98' title='bbox 2092 919 2136 960; x_wconf 92' lang='lat' dir='ltr'><strong>in</strong></span> <span class='ocrx_word' id='word_1_99' title='bbox 2166 915 2304 961; x_wconf 70' lang='lat' dir='ltr'><strong>uitam</strong></span> 
     </span>
     <span class='ocr_line' id='line_1_10' title="bbox 504 989 925 1041; baseline -0.01 -9"><span class='ocrx_word' id='word_1_100' title='bbox 504 997 741 1041; x_wconf 83' lang='lat' dir='ltr'><strong>aeternam.</strong></span> <span class='ocrx_word' id='word_1_101' title='bbox 764 989 925 1030; x_wconf 91' lang='lat' dir='ltr'><strong>Amen.</strong></span> 
     </span>
    </p>
   </div>
   <div class='ocr_carea' id='block_1_4' title="bbox 558 1115 2303 1167">
    <p class='ocr_par' dir='ltr' id='par_1_4' title="bbox 558 1115 2303 1167">
     <span class='ocr_line' id='line_1_11' title="bbox 558 1115 2303 1167; baseline -0.002 -9"><span class='ocrx_word' id='word_1_102' title='bbox 558 1118 732 1158; x_wconf 87' lang='lat' dir='ltr'><strong>Scenicis</strong></span> <span class='ocrx_word' id='word_1_103' title='bbox 753 1117 880 1156; x_wconf 92' lang='lat' dir='ltr'><strong>verbis</strong></span> <span class='ocrx_word' id='word_1_104' title='bbox 908 1116 1141 1156; x_wconf 81' lang='lat' dir='ltr'><strong>describitur</strong></span> <span class='ocrx_word' id='word_1_105' title='bbox 1162 1123 1284 1155; x_wconf 90' lang='lat' dir='ltr'><strong>status</strong></span> <span class='ocrx_word' id='word_1_106' title='bbox 1312 1116 1467 1156; x_wconf 87' lang='lat' dir='ltr'><strong>animae</strong></span> <span class='ocrx_word' id='word_1_107' title='bbox 1489 1130 1510 1156; x_wconf 88' lang='lat' dir='ltr'><strong>e</strong></span> <span class='ocrx_word' id='word_1_108' title='bbox 1530 1130 1696 1167; x_wconf 90' lang='lat' dir='ltr'><strong>corpore</strong></span> <span class='ocrx_word' id='word_1_109' title='bbox 1728 1116 1908 1157; x_wconf 88' lang='lat' dir='ltr'><strong>exeuntis</strong></span> <span class='ocrx_word' id='word_1_110' title='bbox 1926 1115 2243 1167; x_wconf 84' lang='lat' dir='ltr'><strong>(Reifferscheid,</strong></span> <span class='ocrx_word' id='word_1_111' title='bbox 2271 1117 2303 1164; x_wconf 92' lang='grc' dir='ltr'><strong>Ι,</strong></span> 
     </span>
    </p>
   </div>
   <div class='ocr_carea' id='block_1_5' title="bbox 506 1170 2305 1277">
    <p class='ocr_par' dir='ltr' id='par_1_5' title="bbox 506 1170 2305 1277">
     <span class='ocr_line' id='line_1_12' title="bbox 507 1170 2305 1245; baseline -0.001 -34"><span class='ocrx_word' id='word_1_112' title='bbox 507 1176 593 1220; x_wconf 87' lang='lat'><strong>228,</strong></span> <span class='ocrx_word' id='word_1_113' title='bbox 628 1173 733 1223; x_wconf 85' lang='lat'>²30)·</span> <span class='ocrx_word' id='word_1_114' title='bbox 766 1171 901 1210; x_wconf 90' lang='lat' dir='ltr'><strong>Simile</strong></span> <span class='ocrx_word' id='word_1_115' title='bbox 921 1170 1072 1220; x_wconf 92' lang='lat' dir='ltr'><strong>aliquid</strong></span> <span class='ocrx_word' id='word_1_116' title='bbox 1095 1171 1261 1220; x_wconf 82' lang='lat' dir='ltr'><strong>legitur</strong></span> <span class='ocrx_word' id='word_1_117' title='bbox 1253 1184 1293 1209; x_wconf 92' lang='lat' dir='ltr'><strong>1n</strong></span> <span class='ocrx_word' id='word_1_118' title='bbox 1308 1170 1459 1210; x_wconf 88' lang='lat' dir='ltr'><strong>visione</strong></span> <span class='ocrx_word' id='word_1_119' title='bbox 1475 1181 1496 1212; x_wconf 87' lang='grc'><strong>&lt;&lt;</strong></span> <span class='ocrx_word' id='word_1_120' title='bbox 1512 1171 1679 1210; x_wconf 84' lang='lat' dir='ltr'><strong>Macarn</strong></span> <span class='ocrx_word' id='word_1_121' title='bbox 1692 1171 1844 1211; x_wconf 76' lang='lat' dir='ltr'><strong>abbatis</strong></span> <span class='ocrx_word' id='word_1_122' title='bbox 1866 1181 1887 1212; x_wconf 85' lang='lat'>»</span> <span class='ocrx_word' id='word_1_123' title='bbox 1912 1173 2014 1210; x_wconf 90' lang='lat' dir='ltr'><strong>Patr.</strong></span> <span class='ocrx_word' id='word_1_124' title='bbox 2037 1172 2103 1211; x_wconf 90' lang='lat' dir='ltr'><strong>Gr.</strong></span> <span class='ocrx_word' id='word_1_125' title='bbox 2126 1171 2305 1245; x_wconf 92' lang='lat' dir='ltr'>XXXIV</span> 
     </span>
     <span class='ocr_line' id='line_1_13' title="bbox 506 1224 1927 1277; baseline -0.001 -12"><span class='ocrx_word' id='word_1_126' title='bbox 506 1241 595 1277; x_wconf 87' lang='lat'><strong>223-</strong></span> <span class='ocrx_word' id='word_1_127' title='bbox 600 1241 662 1277; x_wconf 87' lang='lat'><strong>30,</strong></span> <span class='ocrx_word' id='word_1_128' title='bbox 684 1234 722 1265; x_wconf 92' lang='lat' dir='ltr'><strong>et</strong></span> <span class='ocrx_word' id='word_1_129' title='bbox 743 1225 782 1264; x_wconf 91' lang='lat' dir='ltr'><strong>in</strong></span> <span class='ocrx_word' id='word_1_130' title='bbox 805 1224 986 1264; x_wconf 82' lang='lat' dir='ltr'><strong>Homilia</strong></span> <span class='ocrx_word' id='word_1_131' title='bbox 1006 1226 1129 1263; x_wconf 94' lang='lat' dir='ltr'>XXII</span> <span class='ocrx_word' id='word_1_132' title='bbox 1153 1225 1278 1264; x_wconf 90' lang='lat' dir='ltr'><strong>sancti</strong></span> <span class='ocrx_word' id='word_1_133' title='bbox 1300 1225 1466 1264; x_wconf 88' lang='lat' dir='ltr'><strong>Macarii</strong></span> <span class='ocrx_word' id='word_1_134' title='bbox 1486 1225 1695 1277; x_wconf 68' lang='lat' dir='ltr'><strong>AEgypffli,</strong></span> <span class='ocrx_word' id='word_1_135' title='bbox 1718 1225 1812 1265; x_wconf 90' lang='lat' dir='ltr'><strong>ibid.</strong></span> <span class='ocrx_word' id='word_1_136' title='bbox 1836 1227 1927 1276; x_wconf 86' lang='lat'><strong>659.</strong></span> 
     </span>
    </p>
   </div>
   <div class='ocr_carea' id='block_1_6' title="bbox 561 1327 2303 1403">
    <p class='ocr_par' dir='ltr' id='par_1_6' title="bbox 561 1327 2303 1403">
     <span class='ocr_line' id='line_1_14' title="bbox 561 1327 2303 1403; baseline 0.002 -15"><span class='ocrx_word' id='word_1_137' title='bbox 561 1353 585 1393; x_wconf 79' lang='lat' dir='ltr'><strong>f,</strong></span> <span class='ocrx_word' id='word_1_138' title='bbox 615 1353 706 1403; x_wconf 50' lang='lat'><strong>189‘</strong></span> <span class='ocrx_word' id='word_1_139' title='bbox 736 1352 861 1388; x_wconf 85' lang='lat' dir='ltr'><strong>Item</strong></span> <span class='ocrx_word' id='word_1_140' title='bbox 891 1351 985 1388; x_wconf 84' lang='lat' dir='ltr'><strong>alia</strong></span> <span class='ocrx_word' id='word_1_141' title='bbox 1006 1327 1224 1389; x_wconf 84' lang='lat' dir='ltr'><strong>homelia</strong></span> <span class='ocrx_word' id='word_1_142' title='bbox 1245 1352 1377 1390; x_wconf 89' lang='lat' dir='ltr'><strong>idem</strong></span> <span class='ocrx_word' id='word_1_143' title='bbox 1399 1353 1531 1391; x_wconf 88' lang='lat' dir='ltr'><strong>beati</strong></span> <span class='ocrx_word' id='word_1_144' title='bbox 1551 1353 1778 1399; x_wconf 84' lang='lat' dir='ltr'><strong>Agustini</strong></span> <span class='ocrx_word' id='word_1_145' title='bbox 1799 1353 2006 1400; x_wconf 87' lang='lat' dir='ltr'><strong>legenda</strong></span> <span class='ocrx_word' id='word_1_146' title='bbox 2026 1353 2078 1390; x_wconf 93' lang='lat' dir='ltr'><strong>in</strong></span> <span class='ocrx_word' id='word_1_147' title='bbox 2098 1353 2303 1401; x_wconf 88' lang='lat' dir='ltr'><strong>quotdi-</strong></span> 
     </span>
    </p>
   </div>
   <div class='ocr_carea' id='block_1_7' title="bbox 502 1419 2303 1545">
    <p class='ocr_par' dir='ltr' id='par_1_7' title="bbox 502 1419 2303 1545">
     <span class='ocr_line' id='line_1_15' title="bbox 503 1419 2303 1476; baseline 0.002 -16"><span class='ocrx_word' id='word_1_148' title='bbox 503 1423 663 1460; x_wconf 89' lang='lat' dir='ltr'><strong>diano.</strong></span> <span class='ocrx_word' id='word_1_149' title='bbox 702 1421 828 1470; x_wconf 90' lang='lat' dir='ltr'><strong>Ecce,</strong></span> <span class='ocrx_word' id='word_1_150' title='bbox 864 1419 1029 1470; x_wconf 84' lang='lat' dir='ltr'><strong>fratres,</strong></span> <span class='ocrx_word' id='word_1_151' title='bbox 1065 1420 1341 1462; x_wconf 89' lang='lat' dir='ltr'><strong>ostendimus</strong></span> <span class='ocrx_word' id='word_1_152' title='bbox 1379 1422 1506 1463; x_wconf 90' lang='lat' dir='ltr'><strong>uobis</strong></span> <span class='ocrx_word' id='word_1_153' title='bbox 1543 1421 1696 1475; x_wconf 90' lang='lat' dir='ltr'><strong>quales</strong></span> <span class='ocrx_word' id='word_1_154' title='bbox 1733 1421 1947 1476; x_wconf 85' lang='lat' dir='ltr'><strong>xpistiani</strong></span> <span class='ocrx_word' id='word_1_155' title='bbox 1973 1454 2078 1463; x_wconf 91' lang='grc'><strong>......</strong></span> <span class='ocrx_word' id='word_1_156' title='bbox 2119 1421 2303 1463; x_wconf 81' lang='lat' dir='ltr'><strong>liberare</strong></span> 
     </span>
     <span class='ocr_line' id='line_1_16' title="bbox 502 1489 1210 1545; baseline 0.001 -14"><span class='ocrx_word' id='word_1_157' title='bbox 502 1491 719 1545; x_wconf 88' lang='lat' dir='ltr'><strong>dignetur.</strong></span> <span class='ocrx_word' id='word_1_158' title='bbox 739 1489 827 1544; x_wconf 78' lang='lat' dir='ltr'><strong>Qui</strong></span> <span class='ocrx_word' id='word_1_159' title='bbox 850 1503 948 1530; x_wconf 91' lang='lat' dir='ltr'><strong>cum</strong></span> <span class='ocrx_word' id='word_1_160' title='bbox 973 1495 1110 1543; x_wconf 87' lang='lat' dir='ltr'><strong>patre,</strong></span> <span class='ocrx_word' id='word_1_161' title='bbox 1131 1495 1210 1532; x_wconf 89' lang='lat' dir='ltr'><strong>etc.</strong></span> 
     </span>
    </p>
   </div>
   <div class='ocr_carea' id='block_1_8' title="bbox 562 1618 1742 1675">
    <p class='ocr_par' dir='ltr' id='par_1_8' title="bbox 562 1618 1742 1675">
     <span class='ocr_line' id='line_1_17' title="bbox 562 1618 1742 1675; baseline -0.001 -15"><span class='ocrx_word' id='word_1_162' title='bbox 562 1621 750 1661; x_wconf 86' lang='lat' dir='ltr'><strong>Clausula</strong></span> <span class='ocrx_word' id='word_1_163' title='bbox 771 1626 829 1659; x_wconf 91' lang='lat' dir='ltr'><strong>est</strong></span> <span class='ocrx_word' id='word_1_164' title='bbox 850 1618 1042 1659; x_wconf 89' lang='lat' dir='ltr'><strong>sermonis</strong></span> <span class='ocrx_word' id='word_1_165' title='bbox 1064 1619 1297 1670; x_wconf 87' lang='lat' dir='ltr'><strong>appendicis</strong></span> <span class='ocrx_word' id='word_1_166' title='bbox 1317 1619 1632 1675; x_wconf 86' lang='lat' dir='ltr'><strong>Augustinianae</strong></span> <span class='ocrx_word' id='word_1_167' title='bbox 1654 1621 1742 1660; x_wconf 91' lang='lat'><strong>266.</strong></span> 
     </span>
    </p>
   </div>
   <div class='ocr_carea' id='block_1_9' title="bbox 504 1763 2306 2087">
    <p class='ocr_par' dir='ltr' id='par_1_9' title="bbox 504 1763 2306 2087">
     <span class='ocr_line' id='line_1_18' title="bbox 562 1763 2306 1816; baseline -0.001 -11"><span class='ocrx_word' id='word_1_168' title='bbox 562 1764 587 1806; x_wconf 88' lang='lat' dir='ltr'><strong>f.</strong></span> <span class='ocrx_word' id='word_1_169' title='bbox 630 1775 710 1816; x_wconf 88' lang='lat'><strong>190</strong></span> <span class='ocrx_word' id='word_1_170' title='bbox 748 1764 931 1811; x_wconf 85' lang='lat' dir='ltr'><strong>Incipit</strong></span> <span class='ocrx_word' id='word_1_171' title='bbox 969 1763 1246 1801; x_wconf 83' lang='lat' dir='ltr'><strong>admonitio</strong></span> <span class='ocrx_word' id='word_1_172' title='bbox 1280 1764 1437 1802; x_wconf 89' lang='lat' dir='ltr'><strong>sancti</strong></span> <span class='ocrx_word' id='word_1_173' title='bbox 1475 1764 1641 1802; x_wconf 86' lang='lat' dir='ltr'><strong>Fausti</strong></span> <span class='ocrx_word' id='word_1_174' title='bbox 1674 1764 1882 1812; x_wconf 87' lang='lat' dir='ltr'><strong>pulcra:</strong></span> <span class='ocrx_word' id='word_1_175' title='bbox 1922 1768 1978 1803; x_wconf 87' lang='lat' dir='ltr'><strong>ut</strong></span> <span class='ocrx_word' id='word_1_176' title='bbox 2012 1774 2210 1814; x_wconf 76' lang='lat' dir='ltr'><strong>semper</strong></span> <span class='ocrx_word' id='word_1_177' title='bbox 2243 1765 2306 1804; x_wconf 90' lang='lat' dir='ltr'><strong>de</strong></span> 
     </span>
     <span class='ocr_line' id='line_1_19' title="bbox 504 1821 2303 1880; baseline 0.003 -10"><span class='ocrx_word' id='word_1_178' title='bbox 504 1833 718 1880; x_wconf 86' lang='lat' dir='ltr'><strong>peccatis</strong></span> <span class='ocrx_word' id='word_1_179' title='bbox 754 1833 934 1870; x_wconf 87' lang='lat' dir='ltr'><strong>nostris</strong></span> <span class='ocrx_word' id='word_1_180' title='bbox 969 1835 1017 1871; x_wconf 86' lang='lat' dir='ltr'><strong>et</strong></span> <span class='ocrx_word' id='word_1_181' title='bbox 1055 1833 1116 1870; x_wconf 91' lang='lat' dir='ltr'><strong>de</strong></span> <span class='ocrx_word' id='word_1_182' title='bbox 1155 1833 1288 1870; x_wconf 89' lang='lat' dir='ltr'><strong>diem</strong></span> <span class='ocrx_word' id='word_1_183' title='bbox 1329 1832 1498 1871; x_wconf 89' lang='lat' dir='ltr'><strong>iudicii</strong></span> <span class='ocrx_word' id='word_1_184' title='bbox 1534 1834 1616 1872; x_wconf 88' lang='lat' dir='ltr'><strong>uel</strong></span> <span class='ocrx_word' id='word_1_185' title='bbox 1655 1834 1717 1873; x_wconf 89' lang='lat' dir='ltr'><strong>de</strong></span> <span class='ocrx_word' id='word_1_186' title='bbox 1756 1839 1961 1874; x_wconf 90' lang='lat' dir='ltr'><strong>aeterna·</strong></span> <span class='ocrx_word' id='word_1_187' title='bbox 1994 1821 2303 1875; x_wconf 87' lang='lat' dir='ltr'><strong>beatitudine</strong></span> 
     </span>
     <span class='ocr_line' id='line_1_20' title="bbox 506 1896 2301 1956; baseline 0.004 -21"><span class='ocrx_word' id='word_1_188' title='bbox 506 1899 792 1944; x_wconf 85' lang='lat' dir='ltr'><strong>cogitemus.</strong></span> <span class='ocrx_word' id='word_1_189' title='bbox 834 1898 984 1947; x_wconf 93' lang='lat' dir='ltr'><strong>Modo,</strong></span> <span class='ocrx_word' id='word_1_190' title='bbox 1019 1896 1174 1938; x_wconf 89' lang='lat' dir='ltr'><strong>fratres</strong></span> <span class='ocrx_word' id='word_1_191' title='bbox 1208 1897 1438 1948; x_wconf 86' lang='lat' dir='ltr'><strong>karissimi,</strong></span> <span class='ocrx_word' id='word_1_192' title='bbox 1472 1912 1572 1940; x_wconf 91' lang='lat' dir='ltr'><strong>cum</strong></span> <span class='ocrx_word' id='word_1_193' title='bbox 1595 1900 1746 1942; x_wconf 87' lang='lat' dir='ltr'><strong>diuina</strong></span> <span class='ocrx_word' id='word_1_194' title='bbox 1770 1902 1898 1943; x_wconf 89' lang='lat' dir='ltr'><strong>lectio</strong></span> <span class='ocrx_word' id='word_1_195' title='bbox 1921 1902 2149 1956; x_wconf 87' lang='lat' dir='ltr'><strong>legeretur,</strong></span> <span class='ocrx_word' id='word_1_196' title='bbox 2180 1901 2301 1943; x_wconf 88' lang='lat' dir='ltr'><strong>audi-</strong></span> 
     </span>
     <span class='ocr_line' id='line_1_21' title="bbox 506 1966 2303 2023; baseline 0.003 -16"><span class='ocrx_word' id='word_1_197' title='bbox 506 1967 650 2007; x_wconf 91' lang='lat' dir='ltr'><strong>uimus</strong></span> <span class='ocrx_word' id='word_1_198' title='bbox 685 1967 866 2008; x_wconf 88' lang='lat' dir='ltr'><strong>beatum</strong></span> <span class='ocrx_word' id='word_1_199' title='bbox 902 1967 1153 2020; x_wconf 90' lang='lat' dir='ltr'><strong>apostolum</strong></span> <span class='ocrx_word' id='word_1_200' title='bbox 1178 1966 1429 2008; x_wconf 87' lang='lat' dir='ltr'><strong>terribiliter</strong></span> <span class='ocrx_word' id='word_1_201' title='bbox 1453 2000 1559 2009; x_wconf 90' lang='grc'><strong>......</strong></span> <span class='ocrx_word' id='word_1_202' title='bbox 1586 1969 1628 2009; x_wconf 92' lang='lat' dir='ltr'><strong>in</strong></span> <span class='ocrx_word' id='word_1_203' title='bbox 1651 1971 1863 2023; x_wconf 87' lang='lat' dir='ltr'><strong>gaudium</strong></span> <span class='ocrx_word' id='word_1_204' title='bbox 1885 1971 2054 2013; x_wconf 88' lang='lat' dir='ltr'><strong>domini</strong></span> <span class='ocrx_word' id='word_1_205' title='bbox 2077 1971 2154 2013; x_wconf 87' lang='lat' dir='ltr'><strong>tui.</strong></span> <span class='ocrx_word' id='word_1_206' title='bbox 2178 1971 2303 2012; x_wconf 86' lang='lat' dir='ltr'><strong>Prae-</strong></span> 
     </span>
     <span class='ocr_line' id='line_1_22' title="bbox 508 2042 771 2087; baseline 0.004 -11"><span class='ocrx_word' id='word_1_207' title='bbox 508 2043 665 2087; x_wconf 91' lang='lat' dir='ltr'><strong>stante,</strong></span> <span class='ocrx_word' id='word_1_208' title='bbox 689 2042 771 2077; x_wconf 87' lang='lat' dir='ltr'><strong>etc.</strong></span> 
     </span>
    </p>
   </div>
   <div class='ocr_carea' id='block_1_10' title="bbox 506 2166 2307 2273">
    <p class='ocr_par' dir='ltr' id='par_1_10' title="bbox 506 2166 2307 2273">
     <span class='ocr_line' id='line_1_23' title="bbox 559 2166 2307 2273; baseline 0.002 -68"><span class='ocrx_word' id='word_1_209' title='bbox 559 2167 697 2273; x_wconf 58' lang='lat' dir='ltr'><strong>Segm&gt;o</strong></span> <span class='ocrx_word' id='word_1_210' title='bbox 718 2166 890 2207; x_wconf 88' lang='lat' dir='ltr'><strong>Caesarii</strong></span> <span class='ocrx_word' id='word_1_211' title='bbox 924 2166 964 2205; x_wconf 92' lang='lat' dir='ltr'><strong>in</strong></span> <span class='ocrx_word' id='word_1_212' title='bbox 996 2166 1232 2206; x_wconf 80' lang='lat' dir='ltr'><strong>collectione</strong></span> <span class='ocrx_word' id='word_1_213' title='bbox 1268 2167 1502 2206; x_wconf 87' lang='lat' dir='ltr'><strong>Durlacensi</strong></span> <span class='ocrx_word' id='word_1_214' title='bbox 1539 2168 1679 2207; x_wconf 89' lang='lat' dir='ltr'><strong>ordine</strong></span> <span class='ocrx_word' id='word_1_215' title='bbox 1714 2168 1978 2209; x_wconf 87' lang='lat' dir='ltr'><strong>duodecimus</strong></span> <span class='ocrx_word' id='word_1_216' title='bbox 2013 2168 2307 2222; x_wconf 88' lang='lat' dir='ltr'><strong>(Engelbrecht,</strong></span> 
     </span>
     <span class='ocr_line' id='line_1_24' title="bbox 506 2234 1261 2271; baseline 0 0"><span class='ocrx_word' id='word_1_217' title='bbox 506 2234 542 2271; x_wconf 76' lang='lat' dir='ltr'><strong>P·</strong></span> <span class='ocrx_word' id='word_1_218' title='bbox 580 2235 598 2258; x_wconf 91' lang='lat'><strong>2</strong></span> <span class='ocrx_word' id='word_1_219' title='bbox 635 2234 652 2270; x_wconf 93' lang='lat'><em>7</em></span> <span class='ocrx_word' id='word_1_220' title='bbox 1259 2238 1261 2240; x_wconf 83' lang='lat'>&#39;</span> 
     </span>
    </p>
   </div>
   <div class='ocr_carea' id='block_1_11' title="bbox 508 2348 2311 2540">
    <p class='ocr_par' dir='ltr' id='par_1_11' title="bbox 508 2348 2311 2540">
     <span class='ocr_line' id='line_1_25' title="bbox 565 2348 2311 2401; baseline 0.001 -12"><span class='ocrx_word' id='word_1_221' title='bbox 565 2349 588 2389; x_wconf 92' lang='lat' dir='ltr'><strong>f.</strong></span> <span class='ocrx_word' id='word_1_222' title='bbox 619 2355 716 2401; x_wconf 74' lang='lat' dir='ltr'><strong>193,v</strong></span> <span class='ocrx_word' id='word_1_223' title='bbox 741 2350 868 2387; x_wconf 87' lang='lat' dir='ltr'><strong>Item</strong></span> <span class='ocrx_word' id='word_1_224' title='bbox 902 2349 1177 2387; x_wconf 85' lang='lat' dir='ltr'><strong>admonitio</strong></span> <span class='ocrx_word' id='word_1_225' title='bbox 1212 2349 1274 2386; x_wconf 90' lang='lat' dir='ltr'><strong>de</strong></span> <span class='ocrx_word' id='word_1_226' title='bbox 1309 2348 1442 2387; x_wconf 90' lang='lat' dir='ltr'><strong>diem</strong></span> <span class='ocrx_word' id='word_1_227' title='bbox 1479 2350 1650 2388; x_wconf 91' lang='lat' dir='ltr'><strong>iudicii</strong></span> <span class='ocrx_word' id='word_1_228' title='bbox 1685 2359 1844 2398; x_wconf 84' lang='lat' dir='ltr'><strong>quum</strong></span> <span class='ocrx_word' id='word_1_229' title='bbox 1878 2351 2054 2397; x_wconf 83' lang='lat' dir='ltr'><strong>grandi</strong></span> <span class='ocrx_word' id='word_1_230' title='bbox 2088 2354 2226 2390; x_wconf 85' lang='lat' dir='ltr'><strong>metu</strong></span> <span class='ocrx_word' id='word_1_231' title='bbox 2262 2354 2311 2390; x_wconf 89' lang='lat' dir='ltr'><strong>et</strong></span> 
     </span>
     <span class='ocr_line' id='line_1_26' title="bbox 508 2418 2309 2471; baseline 0.003 -15"><span class='ocrx_word' id='word_1_232' title='bbox 508 2419 843 2456; x_wconf 88' lang='lat' dir='ltr'><strong>sollicitudine</strong></span> <span class='ocrx_word' id='word_1_233' title='bbox 875 2418 1056 2464; x_wconf 85' lang='lat' dir='ltr'><strong>iugiter</strong></span> <span class='ocrx_word' id='word_1_234' title='bbox 1089 2418 1316 2464; x_wconf 87' lang='lat' dir='ltr'><strong>cogitare.</strong></span> <span class='ocrx_word' id='word_1_235' title='bbox 1355 2418 1487 2471; x_wconf 87' lang='lat' dir='ltr'><strong>Rogo</strong></span> <span class='ocrx_word' id='word_1_236' title='bbox 1526 2432 1618 2468; x_wconf 93' lang='lat' dir='ltr'><strong>uos,</strong></span> <span class='ocrx_word' id='word_1_237' title='bbox 1652 2418 1807 2460; x_wconf 88' lang='lat' dir='ltr'><strong>fratres</strong></span> <span class='ocrx_word' id='word_1_238' title='bbox 1847 2418 2080 2470; x_wconf 87' lang='lat' dir='ltr'><strong>karissimi,</strong></span> <span class='ocrx_word' id='word_1_239' title='bbox 2120 2427 2165 2462; x_wconf 91' lang='lat' dir='ltr'><strong>et</strong></span> <span class='ocrx_word' id='word_1_240' title='bbox 2209 2433 2309 2462; x_wconf 89' lang='lat' dir='ltr'><strong>curn</strong></span> 
     </span>
     <span class='ocr_line' id='line_1_27' title="bbox 508 2486 1822 2540; baseline 0.002 -12"><span class='ocrx_word' id='word_1_241' title='bbox 508 2488 676 2540; x_wconf 83' lang='lat' dir='ltr'><strong>grande</strong></span> <span class='ocrx_word' id='word_1_242' title='bbox 701 2519 806 2528; x_wconf 92' lang='grc'><strong>......</strong></span> <span class='ocrx_word' id='word_1_243' title='bbox 833 2486 1157 2540; x_wconf 86' lang='lat' dir='ltr'><strong>indulgentiam</strong></span> <span class='ocrx_word' id='word_1_244' title='bbox 1181 2487 1424 2540; x_wconf 89' lang='lat' dir='ltr'><strong>peruenire.</strong></span> <span class='ocrx_word' id='word_1_245' title='bbox 1447 2488 1719 2539; x_wconf 88' lang='lat' dir='ltr'><strong>Praestante,</strong></span> <span class='ocrx_word' id='word_1_246' title='bbox 1741 2494 1822 2531; x_wconf 89' lang='lat' dir='ltr'><strong>etc.</strong></span> 
     </span>
    </p>
   </div>
   <div class='ocr_carea' id='block_1_12' title="bbox 563 2614 1497 2667">
    <p class='ocr_par' dir='ltr' id='par_1_12' title="bbox 563 2614 1497 2667">
     <span class='ocr_line' id='line_1_28' title="bbox 563 2614 1497 2667; baseline 0.001 -11"><span class='ocrx_word' id='word_1_247' title='bbox 563 2617 663 2656; x_wconf 89' lang='lat' dir='ltr'><strong>Cod.</strong></span> <span class='ocrx_word' id='word_1_248' title='bbox 698 2617 856 2654; x_wconf 89' lang='lat' dir='ltr'><strong>Durlac.</strong></span> <span class='ocrx_word' id='word_1_249' title='bbox 879 2628 992 2654; x_wconf 90' lang='lat' dir='ltr'><strong>serm.</strong></span> <span class='ocrx_word' id='word_1_250' title='bbox 1022 2629 1063 2652; x_wconf 94' lang='lat'><strong>11</strong></span> <span class='ocrx_word' id='word_1_251' title='bbox 1091 2614 1295 2666; x_wconf 88' lang='lat' dir='ltr'><strong>(Engelbr.</strong></span> <span class='ocrx_word' id='word_1_252' title='bbox 1328 2629 1365 2666; x_wconf 92' lang='lat' dir='ltr'><strong>p.</strong></span> <span class='ocrx_word' id='word_1_253' title='bbox 1390 2617 1497 2667; x_wconf 85' lang='lat'><strong>262).</strong></span> 
     </span>
    </p>
   </div>
   <div class='ocr_carea' id='block_1_13' title="bbox 512 2737 2313 2926">
    <p class='ocr_par' dir='ltr' id='par_1_13' title="bbox 512 2737 2313 2926">
     <span class='ocr_line' id='line_1_29' title="bbox 570 2737 2313 2791; baseline 0.001 -14"><span class='ocrx_word' id='word_1_254' title='bbox 570 2737 593 2779; x_wconf 89' lang='lat' dir='ltr'><strong>f.</strong></span> <span class='ocrx_word' id='word_1_255' title='bbox 625 2739 720 2788; x_wconf 79' lang='lat' dir='ltr'><strong>196v</strong></span> <span class='ocrx_word' id='word_1_256' title='bbox 746 2738 928 2784; x_wconf 88' lang='lat' dir='ltr'><strong>Incipit</strong></span> <span class='ocrx_word' id='word_1_257' title='bbox 957 2737 1232 2775; x_wconf 89' lang='lat' dir='ltr'><strong>admonitio</strong></span> <span class='ocrx_word' id='word_1_258' title='bbox 1268 2746 1463 2775; x_wconf 87' lang='lat' dir='ltr'><strong>cesarea</strong></span> <span class='ocrx_word' id='word_1_259' title='bbox 1497 2738 1787 2791; x_wconf 77' lang='lat' dir='ltr'><strong>(necessaria)</strong></span> <span class='ocrx_word' id='word_1_260' title='bbox 1818 2738 1880 2777; x_wconf 89' lang='lat' dir='ltr'><strong>de</strong></span> <span class='ocrx_word' id='word_1_261' title='bbox 1901 2739 2033 2777; x_wconf 91' lang='lat' dir='ltr'><strong>diem</strong></span> <span class='ocrx_word' id='word_1_262' title='bbox 2061 2739 2232 2778; x_wconf 91' lang='lat' dir='ltr'><strong>iudicii</strong></span> <span class='ocrx_word' id='word_1_263' title='bbox 2264 2744 2313 2779; x_wconf 90' lang='lat' dir='ltr'><strong>et</strong></span> 
     </span>
     <span class='ocr_line' id='line_1_30' title="bbox 512 2807 2311 2870; baseline 0.002 -26"><span class='ocrx_word' id='word_1_264' title='bbox 512 2808 759 2844; x_wconf 86' lang='lat' dir='ltr'><strong>malorum</strong></span> <span class='ocrx_word' id='word_1_265' title='bbox 791 2816 949 2853; x_wconf 89' lang='lat' dir='ltr'><strong>pena.</strong></span> <span class='ocrx_word' id='word_1_266' title='bbox 973 2807 1054 2844; x_wconf 89' lang='lat' dir='ltr'><strong>uel</strong></span> <span class='ocrx_word' id='word_1_267' title='bbox 1090 2807 1342 2845; x_wconf 85' lang='lat' dir='ltr'><strong>bonorum</strong></span> <span class='ocrx_word' id='word_1_268' title='bbox 1374 2808 1531 2853; x_wconf 83' lang='lat' dir='ltr'><strong>gloria</strong></span> <span class='ocrx_word' id='word_1_269' title='bbox 1552 2835 1561 2844; x_wconf 95' lang='lat'><strong>.</strong></span> <span class='ocrx_word' id='word_1_270' title='bbox 1586 2810 1634 2845; x_wconf 89' lang='lat' dir='ltr'><strong>et</strong></span> <span class='ocrx_word' id='word_1_271' title='bbox 1667 2808 1801 2855; x_wconf 87' lang='lat' dir='ltr'><strong>quod</strong></span> <span class='ocrx_word' id='word_1_272' title='bbox 1836 2808 1949 2846; x_wconf 86' lang='lat' dir='ltr'><strong>laici</strong></span> <span class='ocrx_word' id='word_1_273' title='bbox 1983 2817 2083 2847; x_wconf 90' lang='lat' dir='ltr'><strong>non</strong></span> <span class='ocrx_word' id='word_1_274' title='bbox 2118 2812 2311 2870; x_wconf 65' lang='lat' dir='ltr'><strong>mutato</strong></span> 
     </span>
     <span class='ocr_line' id='line_1_31' title="bbox 512 2872 2312 2926; baseline 0.003 -17"><span class='ocrx_word' id='word_1_275' title='bbox 512 2873 649 2911; x_wconf 87' lang='lat' dir='ltr'><strong>abitu</strong></span> <span class='ocrx_word' id='word_1_276' title='bbox 683 2874 730 2908; x_wconf 87' lang='lat' dir='ltr'><strong>et</strong></span> <span class='ocrx_word' id='word_1_277' title='bbox 764 2872 954 2918; x_wconf 84' lang='lat' dir='ltr'><strong>possint</strong></span> <span class='ocrx_word' id='word_1_278' title='bbox 990 2875 1037 2909; x_wconf 87' lang='lat' dir='ltr'><strong>et</strong></span> <span class='ocrx_word' id='word_1_279' title='bbox 1072 2872 1256 2911; x_wconf 83' lang='lat' dir='ltr'><strong>debent</strong></span> <span class='ocrx_word' id='word_1_280' title='bbox 1290 2873 1550 2919; x_wconf 85' lang='lat' dir='ltr'><strong>quotdidie</strong></span> <span class='ocrx_word' id='word_1_281' title='bbox 1584 2874 1820 2920; x_wconf 86' lang='lat' dir='ltr'><strong>penitere.</strong></span> <span class='ocrx_word' id='word_1_282' title='bbox 1862 2873 1992 2926; x_wconf 89' lang='lat' dir='ltr'><strong>Rogo</strong></span> <span class='ocrx_word' id='word_1_283' title='bbox 2030 2887 2121 2923; x_wconf 87' lang='lat' dir='ltr'><strong>uos,</strong></span> <span class='ocrx_word' id='word_1_284' title='bbox 2157 2874 2312 2915; x_wconf 86' lang='lat' dir='ltr'><strong>fratres</strong></span> 
     </span>
    </p>
   </div>
   <div class='ocr_carea' id='block_1_14' title="bbox 513 2940 2310 3061">
    <p class='ocr_par' dir='ltr' id='par_1_14' title="bbox 513 2940 2310 3061">
     <span class='ocr_line' id='line_1_32' title="bbox 513 2940 2310 2996; baseline 0.002 -15"><span class='ocrx_word' id='word_1_285' title='bbox 513 2940 744 2989; x_wconf 85' lang='lat' dir='ltr'><strong>karissimi,</strong></span> <span class='ocrx_word' id='word_1_286' title='bbox 768 2946 814 2980; x_wconf 93' lang='lat' dir='ltr'><strong>ut</strong></span> <span class='ocrx_word' id='word_1_287' title='bbox 838 2940 871 2979; x_wconf 90' lang='lat' dir='ltr'><strong>si</strong></span> <span class='ocrx_word' id='word_1_288' title='bbox 896 2940 1000 2993; x_wconf 91' lang='lat' dir='ltr'><strong>quid</strong></span> <span class='ocrx_word' id='word_1_289' title='bbox 1026 2940 1276 2994; x_wconf 87' lang='lat' dir='ltr'><strong>frequenter</strong></span> <span class='ocrx_word' id='word_1_290' title='bbox 1299 2941 1510 2982; x_wconf 89' lang='lat' dir='ltr'><strong>admonui</strong></span> <span class='ocrx_word' id='word_1_291' title='bbox 1669 2942 1787 2983; x_wconf 87' lang='lat' dir='ltr'><strong>uitae</strong></span> <span class='ocrx_word' id='word_1_292' title='bbox 1819 2942 1986 2984; x_wconf 89' lang='lat' dir='ltr'><strong>meritis</strong></span> <span class='ocrx_word' id='word_1_293' title='bbox 2015 2943 2310 2996; x_wconf 87' lang='lat' dir='ltr'><strong>adquiramus.</strong></span> 
     </span>
     <span class='ocr_line' id='line_1_33' title="bbox 515 3008 1063 3061; baseline -0.002 -11"><span class='ocrx_word' id='word_1_294' title='bbox 515 3010 596 3050; x_wconf 89' lang='lat' dir='ltr'><strong>Per</strong></span> <span class='ocrx_word' id='word_1_295' title='bbox 618 3022 717 3049; x_wconf 90' lang='lat' dir='ltr'><strong>eum</strong></span> <span class='ocrx_word' id='word_1_296' title='bbox 742 3009 815 3061; x_wconf 89' lang='lat' dir='ltr'><strong>qui</strong></span> <span class='ocrx_word' id='word_1_297' title='bbox 839 3008 961 3058; x_wconf 87' lang='lat' dir='ltr'><strong>uiuit,</strong></span> <span class='ocrx_word' id='word_1_298' title='bbox 984 3015 1063 3049; x_wconf 89' lang='lat' dir='ltr'><strong>etc.</strong></span> 
     </span>
    </p>
   </div>
   <div class='ocr_carea' id='block_1_15' title="bbox 516 3131 2312 3238">
    <p class='ocr_par' dir='ltr' id='par_1_15' title="bbox 516 3131 2312 3238">
     <span class='ocr_line' id='line_1_34' title="bbox 568 3131 2312 3184; baseline 0.001 -12"><span class='ocrx_word' id='word_1_299' title='bbox 568 3133 668 3172; x_wconf 91' lang='lat' dir='ltr'><strong>Cod.</strong></span> <span class='ocrx_word' id='word_1_300' title='bbox 689 3133 844 3170; x_wconf 87' lang='lat' dir='ltr'><strong>Durlac.</strong></span> <span class='ocrx_word' id='word_1_301' title='bbox 869 3145 979 3171; x_wconf 88' lang='lat' dir='ltr'><strong>serm.</strong></span> <span class='ocrx_word' id='word_1_302' title='bbox 1010 3146 1055 3179; x_wconf 92' lang='lat'><strong>14</strong></span> <span class='ocrx_word' id='word_1_303' title='bbox 1078 3131 1278 3182; x_wconf 86' lang='lat' dir='ltr'><strong>(Engelbr.</strong></span> <span class='ocrx_word' id='word_1_304' title='bbox 1304 3145 1338 3182; x_wconf 91' lang='lat' dir='ltr'><strong>p.</strong></span> <span class='ocrx_word' id='word_1_305' title='bbox 1366 3131 1469 3184; x_wconf 88' lang='lat'><strong>276).</strong></span> <span class='ocrx_word' id='word_1_306' title='bbox 1496 3134 1616 3172; x_wconf 90' lang='lat' dir='ltr'><strong>Plane</strong></span> <span class='ocrx_word' id='word_1_307' title='bbox 1638 3132 1743 3173; x_wconf 90' lang='lat' dir='ltr'><strong>idem</strong></span> <span class='ocrx_word' id='word_1_308' title='bbox 1765 3133 1902 3172; x_wconf 87' lang='lat' dir='ltr'><strong>titulus</strong></span> <span class='ocrx_word' id='word_1_309' title='bbox 1923 3132 1963 3172; x_wconf 90' lang='lat' dir='ltr'><strong>in</strong></span> <span class='ocrx_word' id='word_1_310' title='bbox 1984 3146 2052 3172; x_wconf 89' lang='lat' dir='ltr'><strong>ms.</strong></span> <span class='ocrx_word' id='word_1_311' title='bbox 2079 3132 2312 3174; x_wconf 88' lang='lat' dir='ltr'><strong>Corbeiensi</strong></span> 
     </span>
     <span class='ocr_line' id='line_1_35' title="bbox 516 3185 1351 3238; baseline -0.001 -13"><span class='ocrx_word' id='word_1_312' title='bbox 516 3186 655 3238; x_wconf 74' lang='lat' dir='ltr'><strong>(Paris.</strong></span> <span class='ocrx_word' id='word_1_313' title='bbox 676 3187 740 3224; x_wconf 90' lang='lat' dir='ltr'><strong>lat.</strong></span> <span class='ocrx_word' id='word_1_314' title='bbox 770 3187 908 3233; x_wconf 87' lang='lat'>14086,</span> <span class='ocrx_word' id='word_1_315' title='bbox 931 3186 953 3224; x_wconf 81' lang='lat' dir='ltr'><strong>f.</strong></span> <span class='ocrx_word' id='word_1_316' title='bbox 984 3185 1093 3237; x_wconf 69' lang='lat' dir='ltr'>107V)</span> <span class='ocrx_word' id='word_1_317' title='bbox 1115 3198 1212 3225; x_wconf 90' lang='lat' dir='ltr'><strong>saec.</strong></span> <span class='ocrx_word' id='word_1_318' title='bbox 1234 3187 1351 3225; x_wconf 89' lang='lat' dir='ltr'><strong>VIII.</strong></span> 
     </span>
    </p>
   </div>
   <div class='ocr_carea' id='block_1_16' title="bbox 2479 2870 2554 3658">
    <p class='ocr_par' dir='ltr' id='par_1_16' title="bbox 2479 2870 2554 3658">
     <span class='ocr_line' id='line_1_36' title="bbox 2479 2870 2554 3658; baseline 0 0"><span class='ocrx_word' id='word_1_319' title='bbox 2479 2870 2554 3658; x_wconf 95' lang='lat' dir='ltr'><strong> </strong></span> 
     </span>
    </p>
   </div>
  </div>
 </body>
</html>
