2554 3658
827 337 882 370 IN
920 337 1049 369 DIEM
1086 336 1518 370 CIRCUMCISIONIS.
2010 337 2071 384 37

251 453 556 517 sperabunt„
589 453 732 501 Deus
757 462 924 500 autem
951 451 1059 514 spei
1085 450 1275 515 repleat
1300 469 1391 500 uos
1418 462 1471 500 ut
1496 452 1633 500 omni
1658 452 1844 517 gaudio
1870 464 1919 501 et
1953 471 2073 517 pace

254 537 303 585 in
329 537 608 586 credendos.
642 549 695 585 ut
720 535 985 584 abundetis
1011 535 1067 597 in·
1085 553 1175 599 spe
1200 536 1459 584 etruirtute
1483 536 1686 600 spiritus
1712 537 1902 594 sancti„
1931 555 2075 587 amen

357 668 591 708 LECTIO
629 667 859 706 SANCTI
900 665 1261 705 EUANGELII
1301 639 1669 707 SECUNDUM
1711 635 1989 719 LUCAqu

1042 738 1105 789 (II
1139 738 1274 790 21-40)

327 846 404 894 IN
438 844 612 905 ILLO
640 841 1007 892 TEMPORE
1047 854 1314 906 postquam
1351 844 1630 892 consumati
1666 857 1782 893 sunt
1819 845 1928 893 dies
1965 857 2078 894 octo
2130 866 2147 900 5

254 943 306 978 ut
348 928 782 978 circumcideretur
821 927 1082 974 dominuss.
1133 938 1364 975 uocatum
1400 940 1477 976 est
1512 946 1698 977 nomen
1741 930 1848 978 eius
1883 930 2077 978 ihesum
2116 946 2118 948 ·

252 1013 387 1078 quod
413 1006 645 1061 uocatu'm
661 1022 766 1059 erat
785 1011 849 1058 ab
868 1010 1078 1075 angelo(
1106 1011 1242 1074 prius
1261 1028 1408 1075 quarn
1430 1012 1477 1060 in
1496 1024 1638 1062 utero
1664 1015 2040 1078 conciperetur..
2064 1012 2083 1082 ΙΙ

323 1098 392 1146 Et
428 1108 542 1161 post
579 1113 728 1161 quam
766 1094 955 1159 impleti
992 1106 1108 1143 sunt
1145 1095 1253 1144 dies
1290 1097 1602 1161 purgationis
1639 1099 1746 1147 eius
1800 1099 2078 1147 secundum

253 1183 419 1248 legem
456 1181 618 1246 moysi
654 1220 663 1229 .
704 1180 922 1229 tulerunt
960 1178 1096 1228 illum
1134 1180 1182 1228 in
1221 1180 1550 1230 iherusalem-a
1596 1194 1648 1232 ut
1686 1183 1924 1232 sisterent
1964 1201 2078 1232 eum

253 1267 459 1317 domino
495 1267 631 1315 sicut'
658 1265 896 1329 scriptum
924 1275 1000 1313 est
1038 1264 1087 1312 in
1124 1263 1237 1330 lege
1262 1265 1484 1324 domini.,
1521 1266 1653 1330 Quia
1678 1285 1830 1317 omne
1856 1267 2081 1316 masculi·
2114 1293 2152 1316 ιο

256 1370 374 1400 num
417 1350 712 1415 adaperiens
761 1349 992 1397 uulbama
1039 1360 1265 1397 sanctum
1309 1350 1515 1400 domino
1565 1353 1855 1410 uocabitur„
1909 1353 1978 1402 Et
2027 1365 2082 1402 ut

256 1438 434 1486 darent
458 1436 674 1484 hostiam
700 1434 975 1483 secundum
1002 1434 1137 1498 quod
1163 1435 1401 1483 scribtum
1423 1447 1500 1484 est
1526 1437 1576 1485 in
1601 1436 1715 1503 lege
1740 1438 1960 1486 dominia
1994 1455 2083 1502 par
2134 1446 2136 1449 ’

259 1534 506 1571 turturum
532 1533 616 1570 aut
641 1520 767 1568 duos
793 1518 954 1583 pullos
980 1518 1355 1577 columbarum„

334 1608 402 1655 Et
428 1624 543 1655 ecce
569 1606 720 1654 homo
745 1616 850 1654 erat
877 1605 925 1652 in
952 1603 1250 1652 iherusalem
1276 1605 1353 1652 cui
1380 1623 1563 1654 nomen
1590 1606 1813 1655 simeon<
1846 1619 1896 1656 et
1933 1607 2085 1657 homo

264 1693 357 1741 iste
382 1692 539 1740 iustus
565 1703 614 1739 et
653 1691 912 1739 timoratus
955 1702 1227 1753 expectans
1252 1690 1644 1740 consolationem
1671 1692 1863 1740 srahel<
1895 1705 1946 1741 et
1987 1693 2084 1757 spi·
2114 1714 2150 1748 15

259 1778 385 1826 ritus
411 1789 613 1824 sanctus
638 1787 743 1824 erat
769 1776 818 1823 in
850 1792 941 1831 eo.,

327 1862 396 1910 Et
445 1877 740 1925 responsum
777 1871 1036 1923 acceperat
1075 1859 1139 1907 ab
1174 1860 1350 1923 spiritu
1383 1872 1586 1909 sancto<
1630 1878 1728 1910 non
1770 1862 1990 1910 uisurum
2030 1881 2084 1912 se

258 1957 469 1994 mortem
497 1945 590 1999 nisi
615 1944 750 2008 prius
776 1944 969 1992 uideret
995 1960 1114 2007 xpm
1152 1944 1443 2002 dominum,

329 2030 398 2077 Et
423 2029 560 2077 uenit
586 2029 634 2076 in
660 2029 835 2093 spiritu
863 2030 909 2076 in
946 2028 1214 2092 templum?
1269 2028 1275 2093 Ι
1313 2045 1404 2090 104
1437 2029 1443 2095 Ι

331 2114 374 2162 Ε
402 2131 514 2163 cum
541 2113 831 2162 inducerent
857 2131 1066 2178 puerum
1093 2127 1325 2178 parentes
1351 2117 1457 2164 eius
1482 2129 1536 2164 ut
1563 2117 1782 2166 facerent
1807 2118 2080 2166 secundum
2110 2143 2152 2165 20

259 2198 671 2247 consuetudinem
698 2197 822 2262 legis
848 2215 936 2262 pro
962 2212 1052 2246 eoa
1085 2209 1134 2246 et
1161 2199 1267 2262 ipse
1292 2201 1483 2264 accepit
1516 2219 1630 2250 eum
1668 2202 1717 2249 in
1757 2202 1896 2251 ulnas
1921 2207 2065 2251 suas?

258 2295 309 2332 et
334 2283 592 2332 benedixit
617 2283 766 2331 deum
793 2295 843 2331 et
868 2283 1025 2340 dixit„
1356 2285 1365 2291 “

329 2368 546 2417 NUNC
572 2368 780 2416 dimittis
805 2368 1005 2416 serbum
1027 2380 1166 2416 tuum
1183 2367 1386 2417 domine
1411 2370 1687 2418 secundum
1715 2371 1920 2419 uerbum
1943 2383 2081 2420 tuum

258 2454 306 2502 in
331 2467 482 2517 pace<
514 2453 631 2516 quia
656 2453 885 2500 uiderunt
911 2451 1038 2500 oculi
1065 2453 1162 2501 mei
1187 2452 1402 2502 salutare
1420 2466 1587 2502 tuum<
1615 2455 1749 2518 quod
1777 2458 2082 2520 praeparasti

256 2550 373 2586 ante
399 2537 573 2585 faciem
601 2537 824 2585 omnium
853 2522 1183 2600 populorum„
2110 2565 2149 2599 25

329 2623 524 2670 Lumen
550 2622 612 2670 ad
639 2620 994 2670 reuelationem
1019 2622 1274 2685 gentium<
1307 2633 1362 2670 et.
1381 2622 1590 2686 gloriam
1616 2623 1776 2687 plebis
1803 2637 1886 2673 tue
1923 2626 2080 2682 srael.‚

257 2719 307 2756 et
331 2719 472 2756 erant
498 2719 638 2771 pater
663 2707 768 2756 eius
795 2718 844 2755 et
870 2719 1055 2755 materae
1089 2706 1325 2754 mirantes
1350 2723 1500 2769 super
1525 2706 1601 2754 his
1638 2725 1766 2771 quae
1792 2709 2084 2758 dicebantur

253 2791 317 2839 de
343 2790 455 2847 illo„
488 2791 556 2839 Et
582 2791 839 2839 benedixit
866 2790 973 2838 illos
990 2783 1182 2839 simeon
1198 2809 1212 2838 4
1240 2802 1290 2838 et
1307 2790 1432 2838 dixit
1454 2791 1515 2838 ad
1536 2791 1740 2838 mariam
1763 2805 1921 2839 matre
1942 2793 2077 2849 eius.,

325 2875 460 2924 Ecce
486 2875 678 2939 positus
704 2887 780 2923 est
806 2875 883 2922 hic
911 2875 959 2922 in
982 2875 1174 2922 ruinam
1194 2887 1244 2923 et
1270 2876 1319 2923 in
1346 2877 1709 2925 resurrectione
1739 2878 2004 2925 multorum
2032 2879 2079 2925 in

253 2959 444 3008 srahela
475 2957 494 3026 ΙΙ
518 2972 567 3008 et
594 2960 642 3007 in
668 2959 867 3024 signum
896 2959 971 3007 cui
997 2960 1393 3015 contradicetur„
1427 2961 1494 3008 Et
1521 2974 1656 3009 tuam
1684 2962 1837 3025 ipsius
1863 2963 2079 3010 animam
2107 2989 2148 3021 30

254 3045 552 3108 pertransiet
575 3044 800 3110 gladiusa
850 3056 904 3091 ut
944 3044 1228 3093 rebelentur
1269 3063 1331 3093 ex
1358 3045 1525 3094 multis
1564 3047 1796 3095 cordibus
1822 3048 2080 3112 cogitatio-

257 3133 371 3177 nes-⁶
416 3143 467 3177 et
503 3142 610 3177 erat
651 3147 746 3177 ana
790 3128 1106 3192 prophetissa
1146 3129 1244 3178 filia
1285 3130 1448 3178 fanuel
1492 3131 1555 3179 de
1598 3132 1726 3180 tribu
1771 3147 1936 3180 asser(
1988 3133 2078 3181 hec

361 3254 394 3279 ²7
406 3251 467 3273 erat
479 3254 555 3273 corr.
