2554 3658
843 351 1078 385 SECUNDO
1115 352 1201 385 DIE
1236 352 1305 385 AD
1343 351 1540 384 NONAM.
2004 353 2095 398 315

281 477 329 512 et
355 464 631 528 dispersisti
657 466 763 513 uias
790 478 900 514 tuas
924 465 1017 514 sub
1042 466 1177 514 omni
1203 465 1340 530 ligno
1365 465 1631 513 frondoso<
1666 477 1716 513 et
1738 483 1909 513 uocem
1937 484 2096 514 meam

281 563 379 596 non
406 548 614 597 audistis
638 548 757 598 dicit
781 549 1042 606 dominus„
1069 546 1088 616 ΙΙ
1145 569 1148 570 ’

347 637 710 693 Conuertimini
736 637 821 686 filii
849 650 1186 688 reuertentes(
1213 638 1329 702 quia
1354 655 1452 702 ego
1477 638 1551 686 uir
1576 626 1744 687 uester
1770 639 1839 687 ait
1865 639 2097 688 dominus

277 720 626 785 omnipotens,
654 738 831 779 amen„

333 910 648 952 EPISTOLA
698 908 892 952 PAULI
932 908 1279 953 APOSTOLN
1324 912 1412 951 AD
1464 912 1762 961 EFESIOS.,
1796 911 1874 963 (IV
1907 913 2041 965 17-24)
2143 925 2159 958 5

345 1070 387 1118 F
396 1069 723 1119 RATRESz
754 1069 849 1119 hoc
889 1058 1002 1119 dico
1043 1082 1092 1120 et
1135 1059 1374 1119 testificor
1415 1072 1465 1119 in
1507 1071 1741 1120 domino(
1775 1074 1950 1121 utiam
1994 1091 2093 1122 non
2155 1068 2157 1070 ¹

275 1153 539 1202 ambuletis
564 1154 691 1202 sicut
715 1166 766 1203 et
790 1166 969 1219 gentes
994 1154 1249 1203 ambulant
1275 1155 1323 1203 in
1351 1156 1571 1206 uanitate
1596 1147 1774 1206 sensus
1798 1159 1903 1210 sui..
1930 1159 2094 1207 Tene-

275 1236 376 1285 bris
415 1237 734 1286 obscuratum
774 1238 1018 1288 habentes
1061 1237 1394 1287 intellectum<
1427 1238 1626 1288 alienati
1669 1258 1698 1288 a
1740 1241 1842 1290 uita
1883 1243 1963 1290 dei
2007 1260 2096 1306 per

275 1321 607 1387 ignorantiam
632 1339 732 1386 que
757 1334 834 1372 est
853 1323 902 1372 in
929 1321 1022 1371 illis
1047 1335 1251 1387 propter
1269 1323 1528 1371 cecitatem
1550 1324 1712 1372 cordis
1740 1324 1987 1388 ipsorum?
2011 1327 2095 1389 qui

272 1408 586 1472 disperantes
611 1420 770 1458 semet
810 1409 944 1473 ipsos
984 1409 1293 1458 tradiderunt
1331 1407 1651 1472 inpudicitiae
1677 1408 1726 1456 in
1750 1410 2091 1472 operationem
2123 1427 2161 1450 10

273 1492 436 1540 omnis
460 1486 671 1542 auarz'tie
697 1505 747 1541 et
773 1493 1129 1549 inmunditiae„
1163 1492 1274 1541 Uos
1298 1503 1466 1540 autem
1506 1509 1607 1540 non
1650 1492 1717 1540 ita
1750 1492 1913 1541 dicitis
1938 1509 2086 1557 xpm<

273 1577 315 1625 si
342 1588 510 1626 tamen
537 1575 671 1625 illum
697 1577 905 1625 audistis
944 1589 995 1625 et
1020 1577 1069 1625 in
1104 1577 1214 1641 ipso
1256 1576 1389 1624 docti
1428 1577 1549 1624 estis
1573 1577 1700 1626 sicut
1724 1590 1802 1626 est
1827 1567 2017 1628 'ueritas
2044 1580 2092 1628 in

274 1661 448 1715 ihesu..
464 1661 735 1725 Deponere
752 1678 842 1710 uos
859 1662 1131 1710 secundum
1149 1661 1406 1726 pristinam
1423 1662 1854 1712 conuersationem
1872 1675 2092 1713 ueterem

275 1744 529 1793 hominem
568 1743 575 1810 Ι
608 1760 708 1806 414
740 1743 748 1810 Ι
783 1745 867 1809 qui
906 1745 1235 1809 corrumpitur
1276 1747 1549 1794 secundum
1592 1747 1839 1797 desideria
1881 1750 2090 1806 erroris„

278 1829 610 1879 Renobamini
652 1842 819 1879 autem
844 1830 1071 1894 spiritum
1114 1831 1295 1880 mentis
1322 1843 1546 1880 uestrae(
1595 1843 1645 1882 et
1675 1832 1864 1882 induite
1907 1835 2092 1883 nobum
2121 1853 2158 1888 ις

271 1913 529 1971 hominem
555 1914 639 1977 qui
665 1915 938 1963 secundum
963 1914 1113 1964 deum
1139 1927 1334 1964 creatus
1360 1927 1436 1964 est
1462 1917 1511 1964 in
1543 1916 1736 1965 iustitia⁴
1754 1929 1804 1966 et
1829 1919 2093 1968 sanctitate

276 1997 528 2054 ueritatis,
556 2015 734 2055 amen„
2049 1999 2051 2001 ’

274 2182 507 2223 LECTIO
556 2183 789 2224 SANCTI
851 2180 1241 2224 EUANGELH(
1307 2185 1670 2226 SECUNDUM
1723 2189 2090 2238 MATHEUM.,
2155 2156 2160 2159 ·

1057 2265 1134 2316 (VI
1169 2265 1304 2317 16-18)

343 2417 421 2466 IN
466 2418 642 2467 ILLO
682 2417 1081 2466 TEMPORE<
1113 2418 1344 2466 dominus
1371 2432 1543 2468 noster
1570 2420 1735 2469 ihesus
1766 2438 1888 2486 xps<
1922 2423 2089 2488 loque·
2113 2447 2156 2470 20

272 2501 416 2550 batur
440 2501 695 2566 discipulis
719 2503 821 2550 suis
847 2513 897 2550 et
923 2502 1079 2550 turbis
1104 2502 1305 2559 dicens„

335 2591 463 2640 Cum
492 2593 749 2641 ieiunatis<
784 2591 938 2640 nolite
962 2592 1065 2640 fieri
1092 2593 1218 2642 sicut
1244 2596 1468 2657 ypocrite
1494 2596 1660 2645 tristes

338 2680 691 2730 Demoliuntur
731 2682 863 2734 enim
914 2681 1063 2730 facies
1102 2697 1245 2730 suasae
1294 2695 1345 2732 ut
1385 2697 1593 2747 pareant
1643 2686 1926 2737 hominibus
1971 2691 2084 2738 ieiu-

269 2774 475 2819 nantes„

333 2852 499 2900 Arnen
540 2851 652 2900 dico
695 2852 867 2900 uobisc
914 2863 1207 2916 receperunt
1246 2852 1526 2903 mercedem
1568 2873 1739 2914 suam„
1793 2858 1873 2907 Tu
1916 2873 2083 2909 autem
2109 2879 2147 2912 25

264 2952 375 2982 cum
406 2935 623 2983 ieiunas<
655 2952 823 2999 ungue
848 2939 995 2998 caput
1021 2947 1156 2984 tuum
1186 2950 1235 2986 et
1261 2938 1433 2987 faciem
1462 2951 1597 2988 tuam
1624 2941 1736 2990 laba
1764 2961 1826 2992 ne
1868 2946 2083 2995 uidearis

264 3017 548 3066 hominibus
591 3017 866 3067 ieiunasse(
915 3019 1004 3066 sed
1044 3021 1168 3082 patri
1209 3032 1294 3068 tuo
1337 3023 1419 3086 qui
1463 3036 1540 3071 est
1567 3024 1614 3071 in
1659 3025 1982 3084 abscondito,
2015 3032 2083 3079 Et

264 3112 405 3165 pater
430 3113 544 3149 tuus
568 3101 652 3166 qui
678 3102 858 3151 uiderit
886 3114 934 3151 te
961 3102 1007 3150 in
1033 3100 1052 3168 ΙΙ
1074 3103 1397 3153 abscondito<
1431 3108 1606 3156 reddet
1631 3109 1750 3165 tibi.,

365 3241 393 3258 ιι
408 3229 538 3258 auaratie
551 3240 624 3258 carr.
697 3241 727 3264 23
741 3237 859 3265 pereant
870 3241 944 3260 corr.
