2554 3658
1052 224 1448 302 ,PizRAEFATIQ
2049 260 2179 304 XIII

365 388 722 458 tentiarurn
775 389 1260 470 distinctioneS,
1315 416 1482 479 quas
1527 386 1859 479 posituras
1912 406 2170 472 vocant,

362 498 564 573 atque
602 483 746 588 ipsa
782 484 1030 588 menda
1064 483 1467 574 scripturae.
1504 498 1575 551 ut
1610 482 1813 550 veluti
1871 483 2172 554 codicem

366 605 587 668 ipsum
627 579 953 670 inspicere
1021 578 1138 648 tibi
1176 577 1502 647 videaris
1539 576 1894 647 Clossulas
1931 578 2173 647 solum-

366 672 692 742 modom
720 701 1019 778 margine
1068 673 1437 744 identidem
1508 671 1962 762 interpositas.
1976 675 2171 762 quod

365 766 615 837 nullius
647 767 971 847 momenti
1008 782 1194 848 sunt,
1222 766 1660 872 negligendas
1697 794 1945 835 censu1
1977 767 2176 860 Quia

363 889 520 949 zvero
562 862 795 932 Liber
814 862 931 943 bis
954 878 1289 932 correctus
1326 861 1463 943 fuit,
1502 874 1796 965 primum
1826 888 1872 929 a
1908 859 2176 966 librario

364 955 549 1046 ipso,
574 957 837 1026 deinde
904 957 1105 1049 paulo
1131 973 1293 1048 post
1328 957 1414 1025 ab
1482 956 1612 1025 alio
1648 955 1988 1046 scriptore,
2059 957 2173 1047 qui

362 1078 570 1119 mlnlo
607 1052 967 1132 utebatur;
1005 1052 1253 1122 litteras
1289 1080 1406 1121 seu
1446 1079 1647 1120 voces
1684 1078 1777 1119 516
1846 1048 2173 1121 correctas

359 1144 738 1215 charactere
774 1146 1043 1252 signavi
1070 1146 1306 1229 italico,
1363 1161 1426 1215 et
1461 1146 1527 1214 in
1566 1145 1718 1214 imis
1755 1145 2172 1237 marginibus

357 1268 452 1322 ea,
491 1269 664 1331 quae
700 1268 890 1332 prlus
921 1241 1167 1332 scripta
1198 1257 1400 1322 erant,
1440 1240 1743 1310 indicavi.

456 1335 749 1426 Insuper
774 1336 1242 1406 adnotationes
1270 1336 1526 1416 breveS,
1541 1335 1657 1404 ubi
1686 1335 1773 1439 ad
1802 1334 2170 1426 legentium

354 1430 707 1500 utilitatem
745 1431 1061 1522 expedire
1127 1431 1498 1511 videbatur,
1538 1429 1791 1521 passim
1860 1431 2164 1520 apposui.

361 1524 444 1594 Id
513 1552 672 1594 sane
742 1525 1167 1595 commodius
1235 1526 1454 1595 visum
1504 1540 1620 1606 est,
1691 1552 1895 1615 quam
1966 1525 2170 1616 longo

353 1619 556 1688 ducta
590 1620 886 1702 circuitu,
926 1636 989 1690 et
1025 1649 1243 1690 rerum
1283 1620 1474 1711 copia
1503 1620 1793 1689 distenta
1829 1620 2167 1710 praefatio

362 1714 612 1805 Neque
649 1715 827 1784 enim
867 1744 946 1784 eo
990 1716 1323 1806 pertinent
1358 1715 1602 1785 haecce
1669 1714 2058 1795 Anecdota,
2098 1730 2170 1785 ut

351 1809 436 1877 de
471 1809 763 1900 antiquis
802 1810 1167 1879 litterarum
1212 1809 1670 1879 monumentis
1707 1808 2004 1901 prolixae
2040 1810 2167 1879 dis-

351 1904 730 1993 putationes
769 1905 1211 1986 instituantur,
1252 1905 1370 1974 sed
1408 1920 1479 1974 ut
1514 1904 1695 1974 varia
1729 1904 1873 1973 aevi
1910 1905 2166 1996 antiqui

349 1999 595 2089 scripta
631 1999 1049 2090 proferantur
1117 2000 1182 2068 in
1220 2000 1458 2079 lucem,
1498 2028 1669 2090 quae
1738 1999 2166 2089 peritioribus

350 2093 613 2184 copiam
654 2094 718 2162 in
757 2094 1067 2164 ulteriora
1103 2094 1483 2185 inquirendi
1522 2094 1970 2185 suppeditent.

412 2188 850 2258 Postremo
838 2216 902 2258 1n
927 2189 1375 2280 appendicem
1406 2189 1595 2259 retuli
1633 2217 1843 2280 quum
1871 2189 2164 2258 Annun-

351 2283 658 2353 tiationes
726 2283 1152 2353 festivitatum
1222 2300 1285 2353 et
1359 2284 1928 2376 Martyrologium
1995 2312 2166 2375 quae

351 2378 663 2469 leguntur
730 2379 795 2447 in
833 2378 1003 2448 foliis
1072 2378 1240 2448 libro
1311 2379 1603 2483 Comico
1640 2378 1969 2483 praefixis,
2021 2395 2163 2448 tum

352 2472 641 2542 indicem
711 2473 1172 2542 Homiliarum
1210 2502 1381 2565 quae
1450 2474 1515 2542 in
1586 2501 1790 2542 mlssa
1829 2473 2164 2543 Toletana

350 2583 502 2657 post
538 2568 959 2659 evangelium
1013 2568 1267 2638 recitari
1306 2568 1661 2638 solebant:
1699 2568 1993 2659 denique
2032 2568 2162 2640 Ca-

348 2662 557 2752 pitula
598 2661 1127 2755 Evangeliorum
1198 2663 1672 2754 Neapolitana,
1711 2691 1883 2753 quae
1920 2664 2159 2732 eodem

349 2757 614 2826 saeculo
650 2785 725 2826 ac
793 2757 1259 2827 Lectionarius
1297 2774 1539 2838 noster,
1580 2758 1800 2837 idest,
1872 2758 2161 2848 septimo

347 2851 480 2920 fere
517 2852 741 2921 medio
798 2853 862 2920 in
901 2880 1025 2921 usu
1064 2852 1510 2934 inveniuntur,
1549 2868 1613 2921 et
1681 2852 2041 2943 Pericopas
2079 2882 2159 2922 ex

357 2945 657 3015 Paulinis
694 2946 992 3037 epistolis
1030 2947 1095 3015 in
1155 2947 1491 3038 Capuana
1531 2947 1841 3016 Ecclesia
1876 2974 1977 3016 an.
2028 2956 2156 3036 546

351 3056 665 3131 receptas
746 3042 920 3111 Esse
956 3041 1231 3132 quidem
1269 3058 1332 3111 et
1399 3042 1525 3111 alia
1561 3042 1770 3111 multa
1806 3042 1935 3110 iam
1997 3041 2155 3121 dixi,

353 3134 758 3231 quibuscum
796 3164 907 3210 eas
942 3135 1277 3219 lectiones
1335 3165 1508 3230 quae
1544 3136 1610 3208 in
1671 3136 1979 3208 Ecclesia
2018 3137 2156 3207 To-
