2554 3658
595 341 649 373 IN
689 339 846 373 PRIMO
882 339 1138 372 D'OMINICO
1176 339 1297 372 POST
1333 338 1554 372 OCTABAS
1594 338 1757 372 PASCE.
1982 339 2075 385 227

336 472 588 521 Domine<
632 471 858 520 ‘audiuia
904 469 1078 539 multis·
1117 469 1181 518 de
1224 470 1330 518 uiro
1362 467 1368 534 Ι
1404 482 1499 531 317
1532 467 1538 534 Ι
1572 468 1667 517 hoc
1710 482 1896 533 quanta
1940 471 2069 519 mala

264 555 433 604 fecerit
459 557 643 605 sanctis
670 556 766 605 tuis
792 556 840 604 in
868 553 1198 611 iherusalem„

332 640 401 687 Et
426 640 504 688 hic
530 641 646 689 abet
688 651 988 705 potestatem
1032 657 1060 687 a
1102 638 1408 703 principibus
1453 638 1773 688 sacerdotum
1801 678 1810 688 .
1840 638 2074 704 alligandi

263 741 438 772 omnes
463 725 546 788 qui
574 725 809 774 inuocant
834 741 1016 773 nomen
1042 736 1215 782 tuum„
1355 712 1362 719 ’

334 808 496 856 D1x1T
520 824 696 857 AUTEM
723 809 787 858 ad
812 817 926 857 eum
952 809 1217 866 dominus„
2104 819 2122 854 5

335 892 482 941 Uade
507 894 743 957 quoniam
771 911 858 941 uas
884 893 1141 942 electionis
1167 903 1243 942 est
1276 893 1387 942 mici
1428 893 1551 942 iste(
1597 905 1651 942 ut
1690 905 1856 957 portet
1895 910 2076 943 nomen

264 993 429 1024 meum
455 993 621 1025 coram
647 978 883 1042 gentibus
911 1017 920 1025 .
949 990 999 1026 et
1026 977 1227 1042 regibus
1253 990 1303 1026 et
1329 977 1439 1026 filiis
1465 977 1660 1036 sraheL,

334 1060 449 1126 Ego
474 1061 607 1110 enim
649 1062 913 1110 ostendam
942 1061 1008 1109 illi
1036 1100 1045 1109 .
1074 1075 1260 1125 quanta
1302 1074 1532 1125 oporteat
1573 1077 1716 1111 eumz
1750 1079 1841 1126 pro
1878 1063 2079 1111 nomine

265 1160 377 1192 meo
402 1145 536 1208 pati.,

335 1234 404 1282 Et
428 1234 550 1282 abiit
575 1235 808 1283 ananiasc
833 1246 883 1283 et
908 1235 1131 1283 introibit
1151 1236 1198 1282 in
1219 1236 1453 1283 domum(
1479 1247 1530 1284 et
1549 1236 1795 1300 inponens
1811 1237 1856 1285 ei
1876 1254 2077 1286 manum
2112 1250 2151 1274 ¹0

262 1315 419 1375 dixit„

334 1402 485 1451 Saule
511 1402 690 1451 frater(
722 1403 956 1451 dominus
983 1404 1116 1452 misit
1142 1421 1221 1453 me
1248 1403 1415 1452 ihesus
1441 1405 1524 1468 qui
1563 1405 1792 1469 apparuit
1819 1405 1906 1453 tibi
1930 1406 1977 1453 in
2003 1406 2084 1453 uia

266 1487 468 1551 quando
511 1488 775 1536 ueniebas?
802 1500 854 1535 ut
896 1488 1068 1536 uideas
1094 1500 1145 1536 et
1171 1489 1407 1552 replearis
1434 1490 1609 1552 spiritu
1636 1503 1840 1547 sancto,
1874 1491 1944 1539 Et
1969 1509 2083 1539 con-

269 1571 434 1633 festim
451 1572 738 1621 ceciderunt
757 1572 820 1620 ab
836 1572 990 1620 oculis
1007 1572 1114 1620 eius
1127 1587 1142 1617 ζ
1160 1585 1413 1636 tamquam
1430 1584 1597 1622 scanie
1618 1586 1668 1623 et
1684 1574 1845 1622 uisum
1866 1577 2081 1640 recepit„

341 1662 409 1710 Et
434 1679 644 1727 surgens
672 1662 949 1710 babtizatus
975 1674 1082 1717 est.,
1109 1660 1128 1729 ΙΙ
2115 1678 2151 1712 15

223 1786 241 1812 ,
341 1753 456 1801 Fuit
476 1765 642 1801 autem
663 1770 773 1801 cum
792 1752 1045 1815 discipulis
1065 1752 1148 1816 qui
1170 1765 1311 1801 erant
1331 1753 1602 1802 damascho
1619 1772 1708 1818 per
1726 1755 1834 1804 dies
1854 1755 2082 1820 aliquos.

200 1868 210 1869 ff
273 1838 342 1886 Et
378 1838 614 1885 continuo
652 1837 700 1885 in
733 1837 1002 1902 synagogis
1032 1837 1351 1900 praedicabat
1379 1837 1576 1886 'ihesum
1612 1840 1847 1903 quoniam
1891 1841 1969 1888 hic
2010 1853 2086 1890 est

270 1921 398 1970 filius
424 1921 535 1978 dei„

337 1986 814 2074 Stupebant'autem
841 2028 1015 2058 omnes
1041 2011 1124 2074 qui
1150 2011 1420 2059 audiebant
1445 2029 1559 2060 eum
1586 2025 1634 2061 et
1660 2013 1926 2071 dicebant„

342 2103 528 2151 Nonne
554 2102 632 2150 hic
659 2114 735 2150 est
760 2101 843 2165 qui
871 2100 1193 2165 expugnabat
1220 2100 1547 2151 iherusalem<
1579 2116 1628 2151 et
1654 2121 1741 2152 eos
1767 2105 1852 2168 qui
1888 2105 2083 2153 inuoca-
2111 2122 2153 2145 20

271 2189 391 2236 bant
417 2187 510 2235 hoc
538 2202 748 2235 nomen<
783 2197 832 2234 et
858 2185 952 2232 huc
972 2185 1034 2232 ad
1073 2185 1165 2232 hoc
1193 2185 1328 2232 uenit
1356 2197 1408 2234 ut
1436 2186 1629 2235 uinctos
1656 2187 1766 2236 illos
1791 2189 1995 2238 duceret
2022 2191 2081 2238 ad

270 2272 518 2336 principes
562 2271 918 2319 sacerdotum?
963 2270 1351 2319 Saulus-autem
1394 2271 1554 2337 magis
1591 2272 2002 2322 conualescebatc
2035 2287 2084 2323 et

269 2356 606 2405 confundebat
633 2355 807 2403 iudeos
845 2355 928 2419 qui
955 2355 1247 2403 habitabant
1272 2355 1543 2404 damascho
1568 2358 1820 2407 affirmans
1845 2361 2080 2423 quoniam

270 2440 348 2488 hic
375 2452 452 2489 est
479 2458 571 2504 xps
598 2440 726 2488 filius
752 2439 862 2496 dei„
892 2456 1069 2495 amen.,

273 2612 503 2652 LECT-IO
546 2610 776 2650 SANCTI
826 2607 1219 2648 EUANGELH(
1271 2609 1636 2666 SECUNDUM
1684 2610 2079 2662 IOHANNEM„
2108 2626 2148 2660 25

1082 2679 1135 2728 (V
1171 2679 1275 2728 1-18)

343 2834 420 2883 IN
457 2835 630 2883 ILLO
659 2832 1055 2882 TEMPOREJ.
1089 2843 1194 2878 erat
1213 2831 1320 2878 dies
1341 2831 1497 2879 festus
1523 2831 1811 2880 iudeorum(
1836 2845 1886 2882 et
1910 2851 2078 2881 ascen-

270 2919 342 2968 dit
392 2920 559 2968 ihesus
607 2918 1005 2982 iherosolimam„
1057 2915 1150 2962 Est
1193 2927 1360 2962 autem
1410 2915 1741 2964 iherosolimis
1789 2918 2074 2980 probatica<

271 3003 459 3067 piscina
484 3021 611 3068 quae
638 3003 1012 3068 cognominatur
1035 3000 1039 3064 Ι
1066 3000 1160 3059 318
1184 3000 1189 3063 Ι
1214 2999 1491 3062 hebraycae
1524 3000 1796 3048 bethsaida.
1813 3015 1830 3045 a
1862 3003 2082 3066 quinque

273 3089 489 3153 porticos
516 3088 722 3137 habens,
2108 3106 2149 3139 50

379 3247 408 3271 ¹7
421 3237 576 3271 synagogis
586 3247 605 3271 y
617 3247 655 3264 ex
667 3237 676 3264 i
747 3247 778 3270 29
791 3234 1000 3270 cogniminatur
1012 3243 1084 3261 corr.
1102 3241 1116 3259 Ι
1129 3242 1221 3259 manu
