2554 3658
680 338 904 376 SABBATO
941 339 996 372 IN
1034 337 1221 370 TERTIA
1258 334 1553 368 EBDOMADA.
1960 331 2022 381 97
2080 382 2082 385 .

256 524 572 565 EPISTOLA
604 522 798 564 PETRI
829 520 1144 562 APOSTOLI
1175 519 1262 558 AD
1295 518 1578 572 GENTES.,
1612 516 1650 570 (I
1673 519 1773 558 Petr.
1798 520 1835 557 V
1856 518 1966 571 6-11)

269 662 666 711 KARISSIMI
697 659 1025 711 humiliamini
1051 658 1145 707 sub
1170 657 1251 706 illa
1271 658 1621 723 potentissima
1647 674 1796 705 manu
1822 656 1932 705 dei<
1966 668 2019 704 ut

199 763 289 796 nos
312 745 499 796 exaltet
525 747 572 795 in
600 758 827 811 tempore
851 743 1149 794 uisitationis
1170 760 1323 799 suae,

266 831 435 880 Omne
474 831 856 881 sollicitudinem
900 841 1119 878 uestram
1162 827 1464 892 proicientes
1506 827 1554 875 in
1598 840 1742 875 eum<
1780 825 2016 890 quoniam

197 915 290 980 ipsi
329 933 447 964 cura
490 929 566 965 est
608 917 672 966 de
710 915 886 972 uobis„
929 914 1096 963 Sobrii
1130 912 1136 979 Ι
1175 926 1267 974 174
1300 912 1501 978 {estote
1544 924 1593 960 et
1620 910 1852 976 uigilatec
1902 911 2018 974 quia
2066 928 2084 963 5

196 999 512 1049 aduersarius
538 1001 709 1050 noster
731 999 960 1049 diabolus
981 1011 1233 1063 tamquam
1254 996 1333 1046 leo
1355 997 1556 1063 rugiens
1576 986 1777 1064 circuit}
1803 1012 2018 1060 querens

196 1101 347 1149 quem
372 1085 613 1143 deuoret„
2014 1072 2016 1074 Ι

264 1168 358 1218 Cui
399 1170 615 1219 resistite
657 1170 810 1219 fortes
850 1169 899 1217 in
942 1169 1040 1218 fide
1083 1167 1195 1216 nicil
1237 1179 1500 1217 uerentesc
1527 1168 1758 1216 scientes
1789 1167 2015 1215 eamdem

197 1253 488 1318 passionum
516 1254 564 1302 in
591 1255 726 1303 omni
751 1271 881 1319 quae
907 1254 955 1302 in
982 1253 1170 1301 mundo
1209 1264 1314 1301 estc
1362 1264 1528 1301 uestre
1554 1252 1849 1300 fraternitati
1876 1251 2012 1308 fieri„

201 1338 345 1387 Deus
387 1349 554 1388 autem
593 1339 729 1388 omni
772 1338 931 1404 gratie
969 1338 1052 1402 qui
1090 1337 1290 1386 uocabit
1317 1353 1408 1386 nos
1435 1337 1485 1385 in
1512 1348 1767 1385 aeternam
1807 1335 2017 1401 gloriam
2048 1358 2086 1381 10

198 1440 339 1472 suam
365 1423 415 1472 in
440 1441 542 1488 xpo
568 1423 709 1472 ihesu
735 1423 985 1471 modicum
1026 1411 1200 1486 passos
1239 1421 1403 1486 adque
1446 1433 1712 1470 temtatos<
1763 1421 1869 1484 ipse
1912 1437 2018 1484 per-

199 1506 330 1557 ficiet
368 1507 682 1557 confirmauit
723 1507 1050 1571 fundauitque
1089 1506 1182 1570 ipsi
1229 1505 1388 1570 gloria
1430 1506 1479 1554 in
1522 1505 1688 1555 secula
1724 1506 2016 1555 seculorum.

200 1609 377 1646 amen..

203 1756 438 1798 LECTIo
480 1757 712 1797 SANCTI
759 1746 1153 1795 EU'ANGELIIA
1203 1754 1568 1794 SECUNDUM
1614 1755 2019 1807 IOHANNEM„

334 1851 337 1854 -
990 1826 1066 1879 (VI
1099 1827 1234 1879 30-35)
2050 1838 2087 1875 ¹⁵

274 1972 332 2021 In
359 1971 442 2021 illo
469 1984 724 2037 tempore<
757 1972 990 2021 dixerunt
1016 1971 1179 2019 iudaei
1222 1971 1284 2019 ad
1309 1970 1567 2019 dominum
1613 1971 1838 2031 ihesum.,
1868 1973 2020 2036 Quod

202 2068 254 2105 tu
280 2056 399 2106 facis
419 2044 626 2122 signum*
647 2069 700 2106 ut
725 2057 1014 2106 uideamus<
1046 2068 1096 2104 et
1120 2056 1381 2104 credamus
1407 2056 1496 2104 tibi
1521 2056 1641 2119 quid
1667 2058 1918 2121 operaris,

274 2142 446 2190 Patres
472 2142 627 2190 nostri
654 2159 838 2190 manna
863 2141 1291 2189 manducaberunt
1312 2140 1360 2188 in
1381 2140 1610 2189 desertoA
1637 2141 1763 2190 sicut
1783 2142 2020 2206 scriptum

201 2237 308 2283 est„
341 2227 527 2275 Panem
555 2227 617 2275 de
643 2226 780 2275 caelo
806 2225 944 2274 dedit
969 2226 1040 2274 eis
1066 2225 1397 2282 manducare„

272 2304 416 2364 Dixit
455 2328 576 2376 ergo
616 2312 688 2360 eis
732 2311 930 2367 ihesus„
961 2328 1105 2358 amen
1150 2327 1296 2358 amen
1333 2310 1445 2358 dico
1471 2310 1644 2358 uobis<
1678 2327 1776 2359 non
1821 2329 2020 2376 moyses
2046 2334 2088 2358 20

199 2393 338 2443 dedit
364 2392 379 2462 ΙΙ
406 2396 549 2444 uobis
575 2413 755 2460 panem
791 2396 854 2444 de
879 2395 1047 2443 caelo<
1080 2394 1168 2443 sed
1207 2406 1349 2458 pater
1379 2412 1518 2443 meus
1557 2395 1643 2444 dat
1670 2395 1812 2444 uobis
1839 2413 2018 2459 panem

200 2478 264 2527 de
288 2478 427 2529 caelo
453 2497 656 2538 uerum„
690 2481 838 2529 Panis
864 2480 996 2529 enim
1040 2479 1120 2527 dei
1163 2491 1240 2528 est
1281 2479 1366 2543 qui
1400 2479 1659 2529 descendit
1684 2481 1746 2530 de
1772 2481 1939 2530 caelo<
1972 2495 2021 2531 et

199 2563 286 2612 dat
312 2564 463 2613 uitam
491 2565 709 2623 mundo,
744 2566 995 2614 Dixerunt
1022 2581 1143 2629 ergo
1169 2564 1232 2612 ad
1259 2581 1405 2622 eum„
1438 2566 1684 2614 Domine<
1734 2584 1932 2631 semper
1957 2568 2020 2615 da

168 2694 173 2698 .
200 2647 344 2697 nobis
369 2666 550 2714 panem
578 2650 741 2708 hunc.‚
765 2650 908 2698 Dixit
933 2661 1099 2698 autem
1127 2648 1422 2706 eis-ihesus„
1446 2649 1562 2714 Ego
1587 2668 1697 2698 sum
1723 2652 1866 2715 panis
1886 2653 2018 2708 uite,

201 2732 302 2796 Qui
342 2734 481 2783 uenit
519 2735 583 2783 ad
609 2752 689 2784 me
715 2773 725 2784 .
755 2752 853 2783 non
898 2734 1110 2782 esuriet(
1143 2745 1193 2782 et
1236 2733 1320 2798 qui
1364 2734 1520 2783 credit
1563 2734 1611 2782 in
1656 2753 1735 2784 me
1762 2753 1861 2784 non
1887 2736 2021 2785 sitiet
2045 2753 2086 2789 25

199 2834 468 2882 umquam„
496 2836 643 2868 amen

299 2961 314 2985 3
326 2960 378 2980 nos
389 2961 464 2980 corr.
478 2962 518 2980 ex
530 2962 587 2981 non
657 2963 689 2989 ¹9
701 2952 781 2980 dedit
794 2958 806 2980 t
818 2952 886 2979 add.
902 2954 956 2985 sup
969 2951 1021 2978 lin.

244 3061 285 3094 14
299 3055 480 3087 secundum
503 3055 712 3095 iohannem]
734 3055 802 3087 Iste
823 3053 916 3086 locus
938 3051 1074 3084 Ioannis
1142 3060 1219 3083 nem
1235 3050 1411 3083 missarum
1428 3050 1591 3083 ferialium
1608 3051 1743 3094 liturgia
1758 3053 1954 3086 dominicali
1970 3064 2018 3085 re-

196 3109 387 3142 continetur
402 3109 598 3152 euangelica
613 3108 758 3142 lectione
774 3118 860 3150 quae
884 3118 944 3150 pro
967 3106 1075 3149 prima
1143 3105 1324 3138 centiorem
1341 3117 1424 3146 esse,
1447 3112 1479 3138 et
1496 3107 1590 3148 quasi
1612 3107 1706 3139 nullo
1732 3108 1774 3139 ad
1801 3119 1873 3140 eam
1903 3109 2019 3140 habito

195 3164 367 3197 dominica
399 3165 442 3197 ad
472 3164 672 3197 matutinum
705 3163 771 3196 iam
799 3162 967 3204 assignata
1000 3160 1073 3193 suit.
1143 3166 1295 3203 respectu
1315 3160 1494 3203 digestum.

197 3219 293 3261 Quae
309 3230 361 3252 res
376 3219 552 3252 confirmat
569 3219 652 3251 illud
669 3219 760 3261 quod
776 3224 876 3250 antea
892 3216 972 3255 dixi,
988 3215 1077 3248 ordi-

254 3310 386 3334 Auecdota
397 3310 506 3334 Mareds.
1955 3316 1980 3336 ¹3
