2554 3658
666 388 944 422 LECTIONES
983 388 1047 420 EX
1085 387 1341 421 APOSTOLO
1377 386 1659 420 CAI’UANAE.

239 511 552 544 COTTIDIANA

294 571 350 612 ad
398 556 665 614 timotheum
714 581 730 613 1
778 572 860 613 sub
913 571 1042 613 titulo

236 650 391 683 XXVII.

239 775 551 808 COTTIDIANA

299 837 354 878 ad
379 849 586 878 romanos
609 835 691 876 sub
713 834 843 877 titulo
866 843 970 884 XLII

242 1038 553 1071 COTTIDIANA

299 1100 354 1140 ad
380 1112 587 1140 romanos
610 1099 693 1140 sub
724 1097 854 1140 titulo
876 1107 1013 1138 XVIII.

242 1302 553 1334 COTTIDIANA

301 1362 356 1404 ad
381 1376 590 1404 romanos
627 1362 708 1403 sub
731 1362 904 1404 initium
933 1362 1045 1416 epis-

244 1431 375 1474 tulae.

245 1636 556 1673 COTTIDIANA

302 1701 357 1742 ad
382 1713 590 1742 romanos
607 1699 690 1741 sub
711 1699 842 1741 titulo
864 1709 988 1741 XLIII

245 1979 557 2013 COTTIDIANA

304 2040 360 2081 ad
384 2053 591 2081 romanos
613 2039 695 2081 sub
723 2039 854 2082 titulo
878 2049 904 2081 I.

246 2249 300 2281 IN
330 2249 645 2281 SEXAGESIMA

302 2308 359 2349 ad
402 2307 670 2349 timotheum
726 2318 741 2348 Ι
783 2308 866 2349 sub
917 2307 1049 2350 titulo

243 2387 366 2419 VIIII.

242 2581 564 2614 COTTIDIANA.
805 2609 807 2611 .

300 2641 355 2682 ad
374 2641 626 2683 corintheos
644 2650 660 2681 I
676 2641 758 2682 sub
779 2640 910 2682 titulo
928 2649 1044 2681 XLII.

242 2844 295 2876 IN
330 2844 751 2886 QUINQUAGESIMA

297 2905 353 2947 ad
376 2919 583 2947 romanos
606 2905 688 2946 sub
710 2903 840 2946 titulo
866 2912 1038 2944 XLVIII.
1070 2894 1074 2897 Α

243 3107 296 3139 ΙΝ
331 3108 726 3150 QUADRAGESIMA

299 3169 355 3210 ad
379 3168 630 3210 corintheos
652 3167 735 3209 sub
758 3167 886 3208 titulo
909 3176 1012 3207 XLII

1958 390 2054 435 439

1196 501 1365 540 Lectio
1382 500 1643 540 cotidiana.
1663 501 1784 542 Nihil
1801 502 1919 543 enim
1938 502 2055 544 intu-

1134 570 1265 611 limus
1300 569 1342 610 in
1380 569 1497 610 hunc
1533 570 1750 611 mundum
1778 604 1884 612 ......
1917 571 2055 629 impe-

1136 640 1247 681 rium
1273 639 1604 693 sempiternum.
1623 639 1778 681 -Amen
1803 641 1871 692 (VI
1903 641 2026 693 7-16)

1194 763 1361 802 Lectio
1383 763 1645 802 cotidiana.
1667 763 1818 806 Nolite
1836 778 1933 806 esse
1950 779 2052 819 pru-

1130 833 1286 874 dentes
1321 839 1430 886 aput
1455 865 1561 874 ......
1588 833 1664 874 sed
1705 833 1832 875 uince
1856 835 1898 874 in
1937 834 2056 875 bono

1137 901 1302 943 malum
1329 904 1419 951 (XII
1449 902 1596 956 16-21)

1197 1027 1365 1065 Lectio
1407 1027 1671 1066 cotidiana.
1728 1028 1903 1070 Scimus
1936 1031 2054 1071 enim

1133 1097 1252 1150 quod
1277 1096 1351 1137 lex
1374 1095 1586 1150 spiritalis
1609 1104 1676 1139 est
1695 1130 1801 1139 ......
1822 1099 1965 1152 gratia
1983 1100 2053 1141 dei

1134 1179 1212 1220 per
1234 1165 1405 1206 ihesum
1429 1180 1462 1207 e.
1487 1166 1765 1211 d..nostrurn.
1780 1168 1871 1222 (VII
1896 1170 2065 1224 14-24.)

1196 1292 1364 1331 Lectio
1381 1293 1645 1332 cotidiana.
1683 1294 1802 1336 Nolo
1826 1296 1943 1337 enim
1980 1310 2059 1338 uos

1134 1362 1338 1416 ignorare
1373 1362 1529 1404 fratres
1552 1364 1655 1418 quia
1677 1379 1810 1419 saepe
1852 1399 1957 1408 ......
1984 1367 2057 1421 qui

1138 1437 1204 1473 est
1239 1431 1500 1474 benedictus
1539 1433 1581 1474 in
1618 1435 1805 1478 saecula.
1841 1436 1990 1478 Amen
2022 1436 2059 1490 (I

1145 1502 1289 1554 13-25)

1199 1629 1339 1672 Deest
1357 1629 1570 1672 indicatio
1592 1630 1861 1684 marginalis.
1883 1631 2061 1675 Titulus

1138 1708 1264 1740 XLIII
1292 1718 1329 1733 =
1352 1713 1385 1740 c.
1403 1709 1497 1740 XIII
1526 1700 1606 1741 1—6.
1623 1698 1846 1742 Omnibus
1865 1707 2060 1755 potesta-

1138 1767 1257 1810 tibus
1274 1768 1604 1811 sublimioribus
1623 1801 1729 1811 ......
1747 1770 1790 1811 in
1810 1770 1894 1813 hoc
1913 1771 2059 1826 ipsum

1141 1837 1394 1880 seruientes.
1523 1840 1526 1843 ’

1197 1970 1337 2012 Deest
1359 1971 1508 2012 adnot.
1528 1982 1664 2023 marg.
1687 1969 1865 2011 Titulus
1889 1980 1903 2011 1
1929 1992 1961 2004 =
1986 1986 2019 2014 c.
2041 1985 2055 2014 1

1146 2041 1225 2082 1-6.
1261 2039 1423 2081 Paulus
1446 2052 1598 2081 seruus
1621 2038 1770 2080 christi
1801 2039 1923 2082 ihesu
1951 2074 2056 2083 ......

1140 2116 1184 2152 et
1205 2110 1390 2152 domino
1413 2109 1536 2151 ihesu
1560 2109 1735 2151 christo.

1200 2240 1366 2278 Lectio
1405 2240 1456 2277 in
1494 2241 1824 2287 sexagesima.
1865 2240 1925 2283 Et
1969 2255 2060 2283 ma-

1138 2307 1297 2350 nifeste
1335 2322 1549 2363 magnum
1589 2316 1656 2351 est
1698 2310 1880 2363 pietatis
1918 2324 2059 2354 sacra·

1138 2384 1337 2419 mentum
1357 2410 1463 2419 ......
1483 2391 1598 2432 quae
1616 2392 1735 2421 nunc
1754 2386 1821 2422 est
1840 2386 1883 2422 et
1901 2380 2057 2423 futura

1137 2446 1214 2498 (111
1243 2448 1366 2488 16-1v
1389 2446 1435 2500 8)

1195 2572 1360 2610 Lectio
1380 2576 1491 2619 post
1509 2573 1840 2622 sexagesima.
1860 2575 2057 2618 Nescitis

1135 2641 1255 2695 quod
1293 2640 1365 2681 hii·
1393 2642 1468 2695 qui
1491 2642 1534 2683 in
1558 2643 1705 2685 stadio
1741 2651 1922 2686 currunt
1949 2679 2053 2687 ......

1137 2710 1230 2763 ipse
1253 2710 1464 2763 reprobus
1486 2710 1659 2753 efficiar.
1693 2712 1765 2765 (IX
1789 2715 1941 2768 24-27)

1194 2835 1360 2873 Lectio
1376 2835 1426 2873 in
1443 2836 2057 2885 Quinquagesima.0mnes

1130 2903 1248 2944 enim
1295 2904 1514 2946 stabimus
1557 2911 1662 2947 ante
1704 2907 1899 2949 tribunal

1134 2972 1256 3026 pacis
1279 2980 1383 3014 sunt
1406 2980 1637 3017 sectemur.
1660 2974 1768 3028 (XIV
1796 2977 1944 3031 10-19)

1946 2941 2052 2950 oooooo

1193 3096 1314 3151 Lege
1353 3107 1376 3141 «
1399 3097 1454 3138 ad
1481 3097 1580 3140 Cor.
1607 3107 1643 3139 11
1682 3099 1765 3140 sub
1800 3100 1864 3141 tit.
1888 3110 1994 3142 XVII
2019 3111 2055 3152 »,

1132 3166 1187 3208 ad
1211 3180 1343 3220 quem
1359 3166 1506 3209 locum
1524 3181 1678 3222 margo
1699 3169 1834 3211 habet
1852 3186 1860 3211 ε
1886 3171 2052 3209 Lectio

1139 3236 1188 3272 in
1211 3240 1360 3284 caput
1381 3238 1771 3285 quadragesime.
1798 3239 1914 3280 Ecce
1937 3253 2052 3281 nunc
