2554 3658
901 343 956 378 IN
995 343 1175 377 SANCTI
1212 343 1399 378 ANDRE.
2005 352 2056 383 11

249 459 634 524 Interrogabant
659 476 772 508 eum
800 471 848 508 et
874 458 1083 508 militesae
1110 458 1364 517 dicentes„
1406 460 1542 524 Quid
1576 461 1814 511 faciemus
1850 474 1901 511 et
1935 465 2056 520 nos„

245 555 295 592 et
320 555 403 608 ayt
422 542 545 601 illis„

316 629 587 677 Neminem
614 628 936 677 concutiatis(
970 645 1132 693 neque
1158 627 1453 676 calumniam
1480 629 1698 679 faciatis<
1733 641 1783 679 et
1819 632 2059 686 contemti

246 723 408 762 estote
432 713 694 777 stipendiis
720 713 927 769 uestris.,
1480 774 1486 780 .

316 796 610 845 Extimante
648 808 814 845 autern
855 797 990 845 omni
1032 796 1231 861 populo.
1273 808 1324 846 et
1365 797 1703 863 cogitantibus
1741 798 1790 846 in
1827 798 2061 848 cordibus
2110 818 2129 854 5

244 881 345 928 suis
372 882 436 930 de
463 882 707 932 iohannez
741 900 804 932 ne
829 883 971 932 forte,
990 884 1096 947 ipse
1121 895 1255 932 esset
1294 898 1414 947 xpsc
1466 883 1776 947 respondens
1819 883 2062 933 iohannes

242 965 414 1014 dicens
448 967 709 1024 omnibus,

313 1049 429 1114 Ego
454 1051 656 1114 quidem
683 1036 813 1115 aqua
839 1052 1037 1101 babtizo
1063 1067 1181 1101 uosa
1214 1052 1382 1101 ueniet
1425 1063 1591 1100 autem
1632 1051 1805 1100 fortior
1841 1069 1921 1101 me
1947 1063 2074 1116 post‘

242 1148 349 1182 mea
377 1134 514 1182 cuius
542 1152 640 1183 non
667 1153 774 1183 sum
802 1136 984 1201 dignus
1009 1137 1342 1200 procumbens
1378 1133 1579 1185 solbere
1604 1136 1865 1201 corrigiam
1891 1136 2062 1185 calcia·

242 1231 521 1267 mentorum
549 1220 683 1268 eiusz
717 1220 822 1284 ipse
849 1238 938 1269 uos
964 1221 1308 1270 babtizabitin
1335 1222 1509 1285 spiritu
1537 1232 1710 1270 sancto
1735 1233 1785 1269 et
1811 1220 1944 1286 igni„
2091 1245 2132 1268 10

309 1302 463 1351 Cuius
509 1302 837 1352 uentilabrum
879 1305 925 1353 in
968 1323 1167 1353 manum
1208 1306 1312 1354 eius
1355 1317 1405 1354 et
1443 1305 1678 1371 purgabit
1711 1304 1717 1371 Ι
1755 1321 1819 1366 49
1855 1303 1862 1371 Ι
1894 1322 2061 1354 aream

242 1404 411 1437 suamx·
444 1399 493 1436 et
524 1389 851 1454 congregabit
894 1389 1108 1437 triticum
1149 1390 1196 1437 in
1240 1407 1436 1438 orreum
1475 1404 1648 1438 suum<
1681 1389 1850 1454 paleas
1892 1401 2060 1438 autem

243 1484 484 1542 conuuret
509 1473 610 1538 igni
638 1473 1034 1540 inextinguiuili„

315 1547 478 1606 Multa
504 1558 706 1622 quidem
727 1570 777 1607 et
802 1558 896 1607 alia
922 1570 1156 1607 exortans
1182 1557 1560 1624 euangelizabat
1585 1558 1804 1624 populo.,
1834 1560 2015 1608 Amen.

244 1740 405 1794 ITEM
439 1739 802 1794 LEGENDUM·
836 1740 899 1794 IN
933 1740 1037 1793 SCI·
1067 1741 1288 1794 ANDRE
1317 1739 1625 1794 APOSTOLI
1658 1741 1743 1793 AD
1777 1740 2058 1805 MISSAM„
2085 1729 2127 1796 '15

239 1870 245 1871 ⁷
320 1881 552 1922 LECTIo
585 1879 797 1921 LIBRI<
835 1882 1229 1921 SAPIENTIAE
1260 1868 1672 1935 SALO‘MONIS„
1706 1883 1815 1936 (Sap,
1839 1885 1900 1923 IX
1925 1896 1984 1935 17,

880 1981 919 2018 X
938 1981 1016 2029 4-6,
1038 1981 1138 2019 XIV
1159 1992 1236 2031 5-7,
1257 1959 1358 2020 xvl
1379 1980 1422 2033 8)

316 2121 373 2168 In
410 2120 586 2168 diebus
613 2117 705 2167 illis
731 2130 815 2182 ayt
840 2118 1095 2176 salomon„
1126 2119 1342 2168 Sensum
1368 2131 1505 2168 tuum
1533 2121 1736 2170 domine
1761 2122 1871 2186 quis
1897 2121 2056 2171 scibit.

244 2206 336 2253 nisi
363 2217 415 2253 tu
441 2204 640 2253 dederis
665 2204 989 2267 sapientiam<
1022 2215 1072 2251 et
1097 2204 1289 2252 miseris
1314 2216 1540 2253 sanctum
1567 2205 1795 2269 spiritum
1829 2218 1967 2254 tuum
1994 2206 2058 2255 de

243 2289 525 2343 altissimis,
577 2288 746 2350 Quum
787 2288 920 2335 enim
959 2305 1089 2351 aqua
1127 2305 1255 2352 quae
1294 2288 1427 2338 delet
1466 2301 1596 2338 terra
1636 2290 1814 2339 iterum
1863 2291 2058 2340 sanabit
2082 2308 2126 2332 20

242 2374 514 2439 sapientiaa
547 2390 636 2437 per
660 2370 1051 2421 contemtibilem
1079 2371 1268 2436 lignum
1295 2373 1477 2422 iustum
1502 2375 1822 2439 gubernans„
1855 2375 1970 2424 Hec
2007 2387 2057 2425 et

243 2459 291 2506 in
328 2458 624 2507 consensum
664 2457 882 2521 nequitie
917 2453 935 2522 ΙΙ
969 2473 1121 2520 quum
1155 2474 1210 2505 se
1236 2458 1462 2507 nationes
1499 2459 1853 2509 contulissent<
1886 2460 2057 2511 sciunt

243 2543 423 2591 iustum
467 2555 517 2591 et
554 2542 773 2590 serbauit
810 2541 916 2588 sine
952 2540 1171 2604 querella
1207 2542 1330 2590 deo?
1366 2554 1416 2591 et
1456 2543 1504 2591 in
1530 2543 1641 2593 filiis
1667 2544 2055 2594 misericordiam

244 2627 420 2676 fortem
441 2626 738 2683 custodiuit„

314 2711 458 2759 Haec
485 2711 666 2759 iustum
693 2728 721 2757 a
747 2710 1070 2774 pereuntibus
1106 2712 1268 2775 impiis
1310 2711 1564 2761 liuerauitae
1597 2724 1647 2761 et
1686 2723 1740 2761 ut
1779 2729 1878 2761 non
1922 2724 2056 2763 esset
2081 2732 2122 2769 25

242 2813 398 2844 uacua
422 2795 697 2859 sapientiae
722 2806 836 2842 tuae
861 2811 1042 2858 opera,
2099 2793 2103 2798 ’

312 2881 522 2943 Propter
545 2879 637 2927 hoc
665 2879 814 2927 etiam
835 2880 1018 2945 exiguo
1043 2879 1179 2944 ligno
1199 2881 1407 2930 credunt
1432 2880 1662 2931 homines
1687 2882 1879 2932 animas
1904 2899 2047 2932 suasa

242 2976 292 3012 et
318 2975 632 3012 transeuntes
659 2980 794 3011 mare
820 2980 909 3027 per
933 2975 1089 3011 ratem
1110 2963 1301 3013 liuerati
1328 2977 1475 3023 sunt.‚

314 3049 638 3097 Benedictum
666 3061 742 3096 est
767 3047 984 3112 lignums.
1017 3065 1106 3111 per
1130 3050 1263 3112 quod
1290 3049 1343 3098 fit
1378 3050 1645 3109 iustitiam,

316 3134 373 3180 In
410 3133 502 3181 hoc
536 3144 702 3180 autem
729 3132 1026 3180 hostendisti
1053 3132 1260 3181 inimicis
1287 3134 1496 3184 nostrisa
1529 3135 1645 3200 quia
1670 3147 1723 3183 tu
1748 3151 1802 3184 es
1827 3136 1911 3202 qui
1937 3135 2056 3185 libe·
2081 3155 2123 3191 30

245 3236 322 3273 ras
347 3218 410 3273 ab
435 3218 570 3272 omni
597 3216 756 3273 malo,
786 3233 944 3265 amen.
