<?xml version="1.0" encoding="UTF-8"?>
<!DOCTYPE html PUBLIC "-//W3C//DTD XHTML 1.0 Transitional//EN"
    "http://www.w3.org/TR/xhtml1/DTD/xhtml1-transitional.dtd">
<html xmlns="http://www.w3.org/1999/xhtml" xml:lang="en" lang="en">
 <head>
  <title>
</title>
<meta http-equiv="Content-Type" content="text/html;charset=utf-8" />
  <meta name='ocr-system' content='tesseract 3.04.00' />
  <meta name='ocr-capabilities' content='ocr_page ocr_carea ocr_par ocr_line ocrx_word'/>
</head>
<body>
  <div class='ocr_page' id='page_1' title='image "./libercomicussive00moriuoft/libercomicussive00moriuoft_0108.png"; bbox 0 0 2554 3658; ppageno 0'>
   <div class='ocr_carea' id='block_1_1' title="bbox 495 354 1837 409">
    <p class='ocr_par' dir='ltr' id='par_1_1' title="bbox 495 354 1837 409">
     <span class='ocr_line' id='line_1_1' title="bbox 495 354 1837 409; baseline 0 -11"><span class='ocrx_word' id='word_1_1' title='bbox 495 354 555 409; x_wconf 77' lang='grc'>76</span> <span class='ocrx_word' id='word_1_2' title='bbox 952 370 1005 400; x_wconf 92' lang='grc' dir='ltr'>ΙΝ</span> <span class='ocrx_word' id='word_1_3' title='bbox 1043 369 1199 401; x_wconf 88' lang='lat' dir='ltr'>PRIMO</span> <span class='ocrx_word' id='word_1_4' title='bbox 1236 360 1491 402; x_wconf 69' lang='lat' dir='ltr'><strong>D‘OMINICO</strong></span> <span class='ocrx_word' id='word_1_5' title='bbox 1527 370 1594 400; x_wconf 92' lang='lat' dir='ltr'>AD</span> <span class='ocrx_word' id='word_1_6' title='bbox 1633 368 1837 400; x_wconf 87' lang='lat' dir='ltr'><strong>MISSAM.</strong></span> 
     </span>
    </p>
   </div>
   <div class='ocr_carea' id='block_1_2' title="bbox 429 472 2309 1907">
    <p class='ocr_par' dir='ltr' id='par_1_2' title="bbox 429 472 2309 1907">
     <span class='ocr_line' id='line_1_2' title="bbox 494 472 2306 544; baseline 0 -19"><span class='ocrx_word' id='word_1_7' title='bbox 494 478 697 527; x_wconf 88' lang='lat' dir='ltr'>muliere</span> <span class='ocrx_word' id='word_1_8' title='bbox 722 472 1047 544; x_wconf 85' lang='lat' dir='ltr'>loqueuatur.,</span> <span class='ocrx_word' id='word_1_9' title='bbox 1094 482 1262 529; x_wconf 91' lang='lat' dir='ltr'>Nemo</span> <span class='ocrx_word' id='word_1_10' title='bbox 1305 485 1471 529; x_wconf 82' lang='lat' dir='ltr'>tamen</span> <span class='ocrx_word' id='word_1_11' title='bbox 1511 480 1636 527; x_wconf 81' lang='lat' dir='ltr'>dixit</span> <span class='ocrx_word' id='word_1_12' title='bbox 1675 479 1794 543; x_wconf 91' lang='lat' dir='ltr'>quid</span> <span class='ocrx_word' id='word_1_13' title='bbox 1833 479 2026 542; x_wconf 50' lang='lat' dir='ltr'>queris?</span> <span class='ocrx_word' id='word_1_14' title='bbox 2065 490 2149 526; x_wconf 87' lang='lat' dir='ltr'>aut</span> <span class='ocrx_word' id='word_1_15' title='bbox 2187 479 2306 542; x_wconf 90' lang='lat' dir='ltr'>quid</span> 
     </span>
     <span class='ocr_line' id='line_1_3' title="bbox 492 561 961 626; baseline 0.006 -17"><span class='ocrx_word' id='word_1_16' title='bbox 492 561 708 626; x_wconf 89' lang='lat' dir='ltr'>loqueris</span> <span class='ocrx_word' id='word_1_17' title='bbox 734 582 846 611; x_wconf 91' lang='lat' dir='ltr'>cum</span> <span class='ocrx_word' id='word_1_18' title='bbox 873 582 961 621; x_wconf 87' lang='lat' dir='ltr'>ea.,</span> 
     </span>
     <span class='ocr_line' id='line_1_4' title="bbox 563 635 2303 718; baseline -0.001 -18"><span class='ocrx_word' id='word_1_19' title='bbox 563 653 796 717; x_wconf 89' lang='lat' dir='ltr'>Reliquid</span> <span class='ocrx_word' id='word_1_20' title='bbox 839 671 960 718; x_wconf 83' lang='lat' dir='ltr'>ergo</span> <span class='ocrx_word' id='word_1_21' title='bbox 1004 654 1194 716; x_wconf 83' lang='lat' dir='ltr'>ydriam</span> <span class='ocrx_word' id='word_1_22' title='bbox 1238 670 1377 700; x_wconf 90' lang='lat' dir='ltr'>suam</span> <span class='ocrx_word' id='word_1_23' title='bbox 1422 651 1597 699; x_wconf 91' lang='lat' dir='ltr'>mulier</span> <span class='ocrx_word' id='word_1_24' title='bbox 1622 663 1671 698; x_wconf 92' lang='lat' dir='ltr'>et</span> <span class='ocrx_word' id='word_1_25' title='bbox 1708 649 1830 697; x_wconf 89' lang='lat' dir='ltr'>abii-t</span> <span class='ocrx_word' id='word_1_26' title='bbox 1855 650 1903 697; x_wconf 90' lang='lat' dir='ltr'>in</span> <span class='ocrx_word' id='word_1_27' title='bbox 1941 635 2219 704; x_wconf 75' lang='lat' dir='ltr'>ciuitatem&lt;</span> <span class='ocrx_word' id='word_1_28' title='bbox 2253 663 2303 699; x_wconf 90' lang='lat' dir='ltr'>et</span> 
     </span>
     <span class='ocr_line' id='line_1_5' title="bbox 492 737 1117 795; baseline 0 -10"><span class='ocrx_word' id='word_1_29' title='bbox 492 738 610 786; x_wconf 86' lang='lat' dir='ltr'>dicit</span> <span class='ocrx_word' id='word_1_30' title='bbox 635 738 918 786; x_wconf 87' lang='lat' dir='ltr'>hominibus</span> <span class='ocrx_word' id='word_1_31' title='bbox 946 737 1070 795; x_wconf 63' lang='lat' dir='ltr'>illis„</span> <span class='ocrx_word' id='word_1_32' title='bbox 1113 762 1117 768; x_wconf 87' lang='lat'><strong>·</strong></span> 
     </span>
     <span class='ocr_line' id='line_1_6' title="bbox 451 822 2300 886; baseline -0.002 -14"><span class='ocrx_word' id='word_1_33' title='bbox 451 841 467 874; x_wconf 87' lang='grc'>5</span> <span class='ocrx_word' id='word_1_34' title='bbox 564 824 750 871; x_wconf 88' lang='lat' dir='ltr'>Uenite</span> <span class='ocrx_word' id='word_1_35' title='bbox 767 836 816 871; x_wconf 95' lang='lat' dir='ltr'>et</span> <span class='ocrx_word' id='word_1_36' title='bbox 834 824 998 871; x_wconf 89' lang='lat' dir='ltr'>uidete</span> <span class='ocrx_word' id='word_1_37' title='bbox 1017 823 1268 871; x_wconf 90' lang='lat' dir='ltr'>hominem</span> <span class='ocrx_word' id='word_1_38' title='bbox 1281 823 1393 886; x_wconf 64' lang='lat' dir='ltr'>Aqui</span> <span class='ocrx_word' id='word_1_39' title='bbox 1410 822 1535 869; x_wconf 87' lang='lat' dir='ltr'>dixit</span> <span class='ocrx_word' id='word_1_40' title='bbox 1552 822 1664 870; x_wconf 89' lang='lat' dir='ltr'>mici</span> <span class='ocrx_word' id='word_1_41' title='bbox 1677 823 1843 871; x_wconf 89' lang='lat' dir='ltr'>omnia</span> <span class='ocrx_word' id='word_1_42' title='bbox 1855 840 2166 886; x_wconf 89' lang='lat' dir='ltr'>quecumque</span> <span class='ocrx_word' id='word_1_43' title='bbox 2178 822 2300 878; x_wconf 87' lang='lat' dir='ltr'>feci.,</span> 
     </span>
     <span class='ocr_line' id='line_1_7' title="bbox 563 908 1222 972; baseline 0.002 -17"><span class='ocrx_word' id='word_1_44' title='bbox 563 909 822 972; x_wconf 88' lang='lat' dir='ltr'>Numquid</span> <span class='ocrx_word' id='word_1_45' title='bbox 850 909 956 971; x_wconf 92' lang='lat' dir='ltr'>ipse</span> <span class='ocrx_word' id='word_1_46' title='bbox 982 920 1058 956; x_wconf 89' lang='lat' dir='ltr'>est</span> <span class='ocrx_word' id='word_1_47' title='bbox 1084 925 1177 971; x_wconf 84' lang='lat' dir='ltr'>xps</span> <span class='ocrx_word' id='word_1_48' title='bbox 1203 908 1222 956; x_wconf 87' lang='lat'>?</span> 
     </span>
     <span class='ocr_line' id='line_1_8' title="bbox 562 992 1816 1041; baseline 0.001 -2"><span class='ocrx_word' id='word_1_49' title='bbox 562 993 809 1040; x_wconf 86' lang='lat' dir='ltr'>Exierunt</span> <span class='ocrx_word' id='word_1_50' title='bbox 834 993 897 1041; x_wconf 91' lang='lat' dir='ltr'>de</span> <span class='ocrx_word' id='word_1_51' title='bbox 923 993 1205 1041; x_wconf 74' lang='lat' dir='ltr'>ciuitatem(</span> <span class='ocrx_word' id='word_1_52' title='bbox 1238 1004 1288 1040; x_wconf 92' lang='lat' dir='ltr'>et</span> <span class='ocrx_word' id='word_1_53' title='bbox 1316 993 1587 1040; x_wconf 89' lang='lat' dir='ltr'>ueniebant</span> <span class='ocrx_word' id='word_1_54' title='bbox 1613 992 1673 1039; x_wconf 89' lang='lat' dir='ltr'>ad</span> <span class='ocrx_word' id='word_1_55' title='bbox 1702 1009 1816 1040; x_wconf 91' lang='lat' dir='ltr'>eum</span> 
     </span>
     <span class='ocr_line' id='line_1_9' title="bbox 565 1076 1740 1142; baseline -0.001 -17"><span class='ocrx_word' id='word_1_56' title='bbox 565 1079 757 1128; x_wconf 54' lang='lat' dir='ltr'>Interess</span> <span class='ocrx_word' id='word_1_57' title='bbox 783 1116 792 1125; x_wconf 93' lang='lat'><strong>.</strong></span> <span class='ocrx_word' id='word_1_58' title='bbox 823 1078 1068 1142; x_wconf 82' lang='lat' dir='ltr'>rogabant</span> <span class='ocrx_word' id='word_1_59' title='bbox 1093 1095 1206 1126; x_wconf 89' lang='lat' dir='ltr'>eum</span> <span class='ocrx_word' id='word_1_60' title='bbox 1233 1076 1460 1141; x_wconf 87' lang='lat' dir='ltr'>discipuli</span> <span class='ocrx_word' id='word_1_61' title='bbox 1486 1077 1740 1138; x_wconf 62' lang='lat' dir='ltr'>dicentes„</span> 
     </span>
     <span class='ocr_line' id='line_1_10' title="bbox 547 1163 1064 1218; baseline -0.002 -7"><span class='ocrx_word' id='word_1_62' title='bbox 547 1163 752 1211; x_wconf 67' lang='lat' dir='ltr'>,Rabbic</span> <span class='ocrx_word' id='word_1_63' title='bbox 788 1163 1064 1218; x_wconf 64' lang='lat' dir='ltr'>manduca„</span> 
     </span>
     <span class='ocr_line' id='line_1_11' title="bbox 430 1245 1125 1302; baseline 0.007 -14"><span class='ocrx_word' id='word_1_64' title='bbox 430 1266 468 1288; x_wconf 84' lang='lat'>10</span> <span class='ocrx_word' id='word_1_65' title='bbox 564 1245 653 1294; x_wconf 94' lang='lat' dir='ltr'>Ille</span> <span class='ocrx_word' id='word_1_66' title='bbox 678 1258 845 1293; x_wconf 91' lang='lat' dir='ltr'>autem</span> <span class='ocrx_word' id='word_1_67' title='bbox 871 1246 997 1293; x_wconf 83' lang='lat' dir='ltr'>dixit</span> <span class='ocrx_word' id='word_1_68' title='bbox 1023 1246 1125 1302; x_wconf 90' lang='lat' dir='ltr'>eis.,</span> 
     </span>
     <span class='ocr_line' id='line_1_12' title="bbox 561 1328 1938 1394; baseline -0.001 -18"><span class='ocrx_word' id='word_1_69' title='bbox 561 1330 676 1394; x_wconf 87' lang='lat' dir='ltr'>Ego</span> <span class='ocrx_word' id='word_1_70' title='bbox 701 1330 863 1377; x_wconf 92' lang='lat' dir='ltr'>cibum</span> <span class='ocrx_word' id='word_1_71' title='bbox 891 1330 1053 1378; x_wconf 90' lang='lat' dir='ltr'>habeo</span> <span class='ocrx_word' id='word_1_72' title='bbox 1081 1329 1405 1377; x_wconf 58' lang='lat' dir='ltr'>manducare?</span> <span class='ocrx_word' id='word_1_73' title='bbox 1431 1345 1581 1391; x_wconf 91' lang='lat' dir='ltr'>quem</span> <span class='ocrx_word' id='word_1_74' title='bbox 1609 1345 1698 1376; x_wconf 91' lang='lat' dir='ltr'>uos</span> <span class='ocrx_word' id='word_1_75' title='bbox 1724 1328 1938 1376; x_wconf 87' lang='lat' dir='ltr'>nescitis.</span> 
     </span>
     <span class='ocr_line' id='line_1_13' title="bbox 563 1413 1614 1481; baseline 0.001 -19"><span class='ocrx_word' id='word_1_76' title='bbox 563 1414 812 1462; x_wconf 81' lang='lat' dir='ltr'>Dicebant</span> <span class='ocrx_word' id='word_1_77' title='bbox 838 1432 959 1479; x_wconf 87' lang='lat' dir='ltr'>ergo</span> <span class='ocrx_word' id='word_1_78' title='bbox 984 1413 1212 1478; x_wconf 89' lang='lat' dir='ltr'>discipuli</span> <span class='ocrx_word' id='word_1_79' title='bbox 1239 1414 1301 1461; x_wconf 91' lang='lat' dir='ltr'>ad</span> <span class='ocrx_word' id='word_1_80' title='bbox 1329 1415 1574 1471; x_wconf 89' lang='lat' dir='ltr'>inuicem.,</span> <span class='ocrx_word' id='word_1_81' title='bbox 1595 1413 1614 1481; x_wconf 84' lang='grc' dir='ltr'>ΙΙ</span> 
     </span>
     <span class='ocr_line' id='line_1_14' title="bbox 562 1499 1671 1570; baseline 0.001 -23"><span class='ocrx_word' id='word_1_82' title='bbox 562 1500 821 1563; x_wconf 84' lang='lat' dir='ltr'>Numquid</span> <span class='ocrx_word' id='word_1_83' title='bbox 849 1500 1026 1564; x_wconf 90' lang='lat' dir='ltr'>aliquis</span> <span class='ocrx_word' id='word_1_84' title='bbox 1052 1499 1230 1548; x_wconf 92' lang='lat' dir='ltr'>adtulit</span> <span class='ocrx_word' id='word_1_85' title='bbox 1255 1500 1300 1547; x_wconf 94' lang='lat' dir='ltr'>ei</span> <span class='ocrx_word' id='word_1_86' title='bbox 1327 1501 1627 1570; x_wconf 81' lang='lat' dir='ltr'>manducare</span> <span class='ocrx_word' id='word_1_87' title='bbox 1652 1500 1671 1548; x_wconf 89' lang='lat'>?</span> 
     </span>
     <span class='ocr_line' id='line_1_15' title="bbox 561 1582 2307 1641; baseline -0.001 -10"><span class='ocrx_word' id='word_1_88' title='bbox 561 1584 697 1632; x_wconf 84' lang='lat' dir='ltr'>Dicit</span> <span class='ocrx_word' id='word_1_89' title='bbox 722 1585 795 1633; x_wconf 89' lang='lat' dir='ltr'>eis</span> <span class='ocrx_word' id='word_1_90' title='bbox 822 1584 1020 1641; x_wconf 61' lang='lat' dir='ltr'>ihesus„</span> <span class='ocrx_word' id='word_1_91' title='bbox 1054 1585 1203 1632; x_wconf 90' lang='lat' dir='ltr'>Meus</span> <span class='ocrx_word' id='word_1_92' title='bbox 1243 1584 1382 1631; x_wconf 87' lang='lat' dir='ltr'>cibus</span> <span class='ocrx_word' id='word_1_93' title='bbox 1425 1596 1501 1632; x_wconf 91' lang='lat' dir='ltr'>est</span> <span class='ocrx_word' id='word_1_94' title='bbox 1544 1595 1597 1632; x_wconf 92' lang='lat' dir='ltr'>ut</span> <span class='ocrx_word' id='word_1_95' title='bbox 1637 1583 1812 1631; x_wconf 88' lang='lat' dir='ltr'>faciam</span> <span class='ocrx_word' id='word_1_96' title='bbox 1853 1582 2174 1631; x_wconf 86' lang='lat' dir='ltr'>uolumtatem</span> <span class='ocrx_word' id='word_1_97' title='bbox 2202 1583 2307 1631; x_wconf 87' lang='lat' dir='ltr'>eius</span> 
     </span>
     <span class='ocr_line' id='line_1_16' title="bbox 429 1655 2309 1732; baseline -0.001 -17"><span class='ocrx_word' id='word_1_98' title='bbox 429 1686 465 1721; x_wconf 86' lang='lat'>15</span> <span class='ocrx_word' id='word_1_99' title='bbox 491 1668 574 1731; x_wconf 93' lang='lat' dir='ltr'>qui</span> <span class='ocrx_word' id='word_1_100' title='bbox 617 1669 750 1717; x_wconf 86' lang='lat' dir='ltr'>misit</span> <span class='ocrx_word' id='word_1_101' title='bbox 776 1683 883 1717; x_wconf 68' lang='lat' dir='ltr'>mec</span> <span class='ocrx_word' id='word_1_102' title='bbox 919 1682 970 1716; x_wconf 91' lang='lat' dir='ltr'>ut</span> <span class='ocrx_word' id='word_1_103' title='bbox 1013 1668 1265 1732; x_wconf 85' lang='lat' dir='ltr'>perficiam</span> <span class='ocrx_word' id='word_1_104' title='bbox 1310 1655 1436 1731; x_wconf 82' lang='lat' dir='ltr'>opus</span> <span class='ocrx_word' id='word_1_105' title='bbox 1479 1668 1616 1725; x_wconf 86' lang='lat' dir='ltr'>eius„</span> <span class='ocrx_word' id='word_1_106' title='bbox 1651 1668 1837 1715; x_wconf 83' lang='lat' dir='ltr'>Nonne</span> <span class='ocrx_word' id='word_1_107' title='bbox 1864 1684 1952 1714; x_wconf 90' lang='lat' dir='ltr'>uos</span> <span class='ocrx_word' id='word_1_108' title='bbox 1989 1667 2150 1714; x_wconf 88' lang='lat' dir='ltr'>dicitis</span> <span class='ocrx_word' id='word_1_109' title='bbox 2175 1667 2309 1730; x_wconf 92' lang='lat' dir='ltr'>quod</span> 
     </span>
     <span class='ocr_line' id='line_1_17' title="bbox 491 1749 2308 1816; baseline -0.001 -16"><span class='ocrx_word' id='word_1_110' title='bbox 491 1754 652 1801; x_wconf 91' lang='lat' dir='ltr'>adhuc</span> <span class='ocrx_word' id='word_1_111' title='bbox 678 1765 915 1816; x_wconf 89' lang='lat' dir='ltr'>quattuor</span> <span class='ocrx_word' id='word_1_112' title='bbox 941 1749 1139 1801; x_wconf 83' lang='lat' dir='ltr'>menses</span> <span class='ocrx_word' id='word_1_113' title='bbox 1166 1766 1310 1803; x_wconf 56' lang='lat' dir='ltr'>sunt&lt;</span> <span class='ocrx_word' id='word_1_114' title='bbox 1343 1765 1393 1801; x_wconf 90' lang='lat' dir='ltr'>et</span> <span class='ocrx_word' id='word_1_115' title='bbox 1419 1753 1594 1800; x_wconf 85' lang='lat' dir='ltr'>messis</span> <span class='ocrx_word' id='word_1_116' title='bbox 1621 1752 1758 1799; x_wconf 90' lang='lat' dir='ltr'>uenit</span> <span class='ocrx_word' id='word_1_117' title='bbox 1783 1751 1801 1799; x_wconf 90' lang='lat'>?</span> <span class='ocrx_word' id='word_1_118' title='bbox 1841 1751 1975 1799; x_wconf 91' lang='lat' dir='ltr'>Ecce</span> <span class='ocrx_word' id='word_1_119' title='bbox 1998 1751 2109 1811; x_wconf 86' lang='lat' dir='ltr'>dico</span> <span class='ocrx_word' id='word_1_120' title='bbox 2136 1751 2308 1807; x_wconf 64' lang='lat' dir='ltr'>uobis„</span> 
     </span>
     <span class='ocr_line' id='line_1_18' title="bbox 564 1834 2304 1907; baseline -0.002 -16"><span class='ocrx_word' id='word_1_121' title='bbox 564 1844 755 1891; x_wconf 88' lang='lat' dir='ltr'>Lebate</span> <span class='ocrx_word' id='word_1_122' title='bbox 780 1843 951 1892; x_wconf 89' lang='lat' dir='ltr'>oculos</span> <span class='ocrx_word' id='word_1_123' title='bbox 978 1856 1201 1892; x_wconf 67' lang='lat' dir='ltr'>uestros&lt;</span> <span class='ocrx_word' id='word_1_124' title='bbox 1235 1855 1285 1892; x_wconf 93' lang='lat' dir='ltr'>et</span> <span class='ocrx_word' id='word_1_125' title='bbox 1312 1843 1479 1890; x_wconf 90' lang='lat' dir='ltr'>uidete</span> <span class='ocrx_word' id='word_1_126' title='bbox 1506 1843 1738 1906; x_wconf 83' lang='lat' dir='ltr'>regiones</span> <span class='ocrx_word' id='word_1_127' title='bbox 1764 1841 1880 1905; x_wconf 89' lang='lat' dir='ltr'>quia</span> <span class='ocrx_word' id='word_1_128' title='bbox 1905 1834 2016 1890; x_wconf 84' lang='lat' dir='ltr'>albe</span> <span class='ocrx_word' id='word_1_129' title='bbox 2058 1854 2184 1907; x_wconf 84' lang='lat' dir='ltr'>sunt</span> <span class='ocrx_word' id='word_1_130' title='bbox 2210 1841 2304 1888; x_wconf 91' lang='lat' dir='ltr'>iam</span> 
     </span>
    </p>
   </div>
   <div class='ocr_carea' id='block_1_3' title="bbox 494 1929 2305 2076">
    <p class='ocr_par' dir='ltr' id='par_1_3' title="bbox 494 1929 2305 2076">
     <span class='ocr_line' id='line_1_19' title="bbox 494 1929 828 1981; baseline 0.003 -6"><span class='ocrx_word' id='word_1_131' title='bbox 494 1929 556 1976; x_wconf 91' lang='lat' dir='ltr'>ad</span> <span class='ocrx_word' id='word_1_132' title='bbox 582 1946 828 1981; x_wconf 82' lang='lat' dir='ltr'>messem..</span> 
     </span>
     <span class='ocr_line' id='line_1_20' title="bbox 564 2011 2305 2076; baseline -0.001 -17"><span class='ocrx_word' id='word_1_133' title='bbox 564 2013 631 2060; x_wconf 90' lang='lat' dir='ltr'>Et</span> <span class='ocrx_word' id='word_1_134' title='bbox 656 2013 739 2075; x_wconf 89' lang='lat' dir='ltr'>qui</span> <span class='ocrx_word' id='word_1_135' title='bbox 784 2013 925 2060; x_wconf 91' lang='lat' dir='ltr'>metit</span> <span class='ocrx_word' id='word_1_136' title='bbox 968 2011 1249 2060; x_wconf 83' lang='lat' dir='ltr'>mercedem</span> <span class='ocrx_word' id='word_1_137' title='bbox 1276 2012 1483 2075; x_wconf 60' lang='lat' dir='ltr'>accipit(</span> <span class='ocrx_word' id='word_1_138' title='bbox 1516 2024 1564 2060; x_wconf 92' lang='lat' dir='ltr'>et</span> <span class='ocrx_word' id='word_1_139' title='bbox 1591 2012 1675 2075; x_wconf 91' lang='lat' dir='ltr'>qui</span> <span class='ocrx_word' id='word_1_140' title='bbox 1701 2024 1977 2076; x_wconf 85' lang='lat' dir='ltr'>congregat</span> <span class='ocrx_word' id='word_1_141' title='bbox 2002 2012 2230 2059; x_wconf 72' lang='lat' dir='ltr'>fructum</span> <span class='ocrx_word' id='word_1_142' title='bbox 2258 2011 2305 2058; x_wconf 90' lang='lat' dir='ltr'>in</span> 
     </span>
    </p>
   </div>
   <div class='ocr_carea' id='block_1_4' title="bbox 427 2098 2378 3194">
    <p class='ocr_par' dir='ltr' id='par_1_4' title="bbox 427 2098 2378 3194">
     <span class='ocr_line' id='line_1_21' title="bbox 428 2098 964 2153; baseline 0 -10"><span class='ocrx_word' id='word_1_143' title='bbox 428 2120 470 2143; x_wconf 89' lang='lat'>20</span> <span class='ocrx_word' id='word_1_144' title='bbox 495 2098 646 2145; x_wconf 90' lang='lat' dir='ltr'>uitam</span> <span class='ocrx_word' id='word_1_145' title='bbox 678 2109 964 2153; x_wconf 65' lang='lat' dir='ltr'>aeternam„</span> 
     </span>
     <span class='ocr_line' id='line_1_22' title="bbox 566 2179 1905 2245; baseline -0.001 -15"><span class='ocrx_word' id='word_1_146' title='bbox 566 2182 637 2230; x_wconf 92' lang='lat' dir='ltr'>Ut</span> <span class='ocrx_word' id='word_1_147' title='bbox 663 2194 712 2229; x_wconf 92' lang='lat' dir='ltr'>et</span> <span class='ocrx_word' id='word_1_148' title='bbox 737 2182 821 2245; x_wconf 90' lang='lat' dir='ltr'>qui</span> <span class='ocrx_word' id='word_1_149' title='bbox 847 2181 1061 2229; x_wconf 90' lang='lat' dir='ltr'>seminat</span> <span class='ocrx_word' id='word_1_150' title='bbox 1086 2179 1231 2227; x_wconf 90' lang='lat' dir='ltr'>simul</span> <span class='ocrx_word' id='word_1_151' title='bbox 1258 2180 1504 2244; x_wconf 65' lang='lat' dir='ltr'>gaudeat&lt;</span> <span class='ocrx_word' id='word_1_152' title='bbox 1537 2191 1587 2228; x_wconf 93' lang='lat' dir='ltr'>et</span> <span class='ocrx_word' id='word_1_153' title='bbox 1612 2180 1696 2243; x_wconf 92' lang='lat' dir='ltr'>qui</span> <span class='ocrx_word' id='word_1_154' title='bbox 1733 2180 1905 2236; x_wconf 89' lang='lat' dir='ltr'>metit.,</span> 
     </span>
     <span class='ocr_line' id='line_1_23' title="bbox 567 2261 2310 2328; baseline -0.001 -16"><span class='ocrx_word' id='word_1_155' title='bbox 567 2266 623 2312; x_wconf 90' lang='lat' dir='ltr'>In</span> <span class='ocrx_word' id='word_1_156' title='bbox 650 2263 742 2312; x_wconf 94' lang='lat' dir='ltr'>hoc</span> <span class='ocrx_word' id='word_1_157' title='bbox 769 2265 901 2313; x_wconf 91' lang='lat' dir='ltr'>enim</span> <span class='ocrx_word' id='word_1_158' title='bbox 929 2276 1005 2312; x_wconf 89' lang='lat' dir='ltr'>est</span> <span class='ocrx_word' id='word_1_159' title='bbox 1031 2263 1240 2311; x_wconf 89' lang='lat' dir='ltr'>uerbum</span> <span class='ocrx_word' id='word_1_160' title='bbox 1266 2277 1468 2310; x_wconf 64' lang='lat' dir='ltr'>uerum&lt;</span> <span class='ocrx_word' id='word_1_161' title='bbox 1502 2263 1619 2325; x_wconf 91' lang='lat' dir='ltr'>quia</span> <span class='ocrx_word' id='word_1_162' title='bbox 1643 2261 1768 2309; x_wconf 84' lang='lat' dir='ltr'>alius</span> <span class='ocrx_word' id='word_1_163' title='bbox 1788 2276 1865 2312; x_wconf 84' lang='lat' dir='ltr'>est</span> <span class='ocrx_word' id='word_1_164' title='bbox 1889 2264 1972 2328; x_wconf 93' lang='lat' dir='ltr'>qui</span> <span class='ocrx_word' id='word_1_165' title='bbox 1997 2265 2235 2311; x_wconf 62' lang='lat' dir='ltr'>seminat?</span> <span class='ocrx_word' id='word_1_166' title='bbox 2260 2276 2310 2312; x_wconf 95' lang='lat' dir='ltr'>et</span> 
     </span>
     <span class='ocr_line' id='line_1_24' title="bbox 437 2348 2309 2412; baseline 0 -16"><span class='ocrx_word' id='word_1_167' title='bbox 437 2405 441 2408; x_wconf 35' lang='grc'><em>,</em></span> <span class='ocrx_word' id='word_1_168' title='bbox 493 2348 616 2396; x_wconf 90' lang='lat' dir='ltr'>alius</span> <span class='ocrx_word' id='word_1_169' title='bbox 643 2349 726 2412; x_wconf 91' lang='lat' dir='ltr'>qui</span> <span class='ocrx_word' id='word_1_170' title='bbox 753 2349 924 2405; x_wconf 90' lang='lat' dir='ltr'>metit.,</span> <span class='ocrx_word' id='word_1_171' title='bbox 957 2349 1072 2412; x_wconf 85' lang='lat' dir='ltr'>Ego</span> <span class='ocrx_word' id='word_1_172' title='bbox 1098 2348 1229 2396; x_wconf 87' lang='lat' dir='ltr'>enim</span> <span class='ocrx_word' id='word_1_173' title='bbox 1260 2348 1369 2394; x_wconf 87' lang='lat' dir='ltr'>misi</span> <span class='ocrx_word' id='word_1_174' title='bbox 1397 2365 1486 2395; x_wconf 91' lang='lat' dir='ltr'>uos</span> <span class='ocrx_word' id='word_1_175' title='bbox 1514 2360 1730 2396; x_wconf 75' lang='lat' dir='ltr'>meteres.</span> <span class='ocrx_word' id='word_1_176' title='bbox 1763 2350 1898 2412; x_wconf 93' lang='lat' dir='ltr'>quod</span> <span class='ocrx_word' id='word_1_177' title='bbox 1924 2366 2014 2396; x_wconf 93' lang='lat' dir='ltr'>uos</span> <span class='ocrx_word' id='word_1_178' title='bbox 2041 2366 2140 2396; x_wconf 90' lang='lat' dir='ltr'>non</span> <span class='ocrx_word' id='word_1_179' title='bbox 2176 2348 2309 2396; x_wconf 86' lang='lat' dir='ltr'>Iauo-</span> 
     </span>
     <span class='ocr_line' id='line_1_25' title="bbox 495 2430 2304 2495; baseline -0.001 -14"><span class='ocrx_word' id='word_1_180' title='bbox 495 2433 1181 2490; x_wconf 63' lang='lat' dir='ltr'>rastis.,Aliilaboraberuntc</span> <span class='ocrx_word' id='word_1_181' title='bbox 1207 2445 1255 2481; x_wconf 93' lang='lat' dir='ltr'>et</span> <span class='ocrx_word' id='word_1_182' title='bbox 1273 2451 1363 2481; x_wconf 94' lang='lat' dir='ltr'>uos</span> <span class='ocrx_word' id='word_1_183' title='bbox 1382 2434 1430 2480; x_wconf 89' lang='lat' dir='ltr'>in</span> <span class='ocrx_word' id='word_1_184' title='bbox 1447 2434 1644 2482; x_wconf 85' lang='lat' dir='ltr'>labores</span> <span class='ocrx_word' id='word_1_185' title='bbox 1659 2451 1832 2482; x_wconf 90' lang='lat' dir='ltr'>eorum</span> <span class='ocrx_word' id='word_1_186' title='bbox 1851 2433 2121 2489; x_wconf 68' lang='lat' dir='ltr'>introistis,</span> <span class='ocrx_word' id='word_1_187' title='bbox 2149 2430 2153 2495; x_wconf 93' lang='grc' dir='ltr'>Ι</span> <span class='ocrx_word' id='word_1_188' title='bbox 2183 2447 2268 2493; x_wconf 85' lang='lat'>151</span> <span class='ocrx_word' id='word_1_189' title='bbox 2299 2431 2304 2495; x_wconf 91' lang='grc' dir='ltr'>Ι</span> 
     </span>
     <span class='ocr_line' id='line_1_26' title="bbox 429 2522 2310 2580; baseline -0.001 -10"><span class='ocrx_word' id='word_1_190' title='bbox 429 2545 469 2580; x_wconf 79' lang='lat'>25</span> <span class='ocrx_word' id='word_1_191' title='bbox 566 2523 646 2570; x_wconf 84' lang='lat' dir='ltr'>Ex</span> <span class='ocrx_word' id='word_1_192' title='bbox 671 2524 900 2574; x_wconf 57' lang='lat' dir='ltr'>ciuitate*</span> <span class='ocrx_word' id='word_1_193' title='bbox 925 2536 1092 2572; x_wconf 88' lang='lat' dir='ltr'>autem</span> <span class='ocrx_word' id='word_1_194' title='bbox 1120 2523 1282 2571; x_wconf 67' lang='lat' dir='ltr'>illamae</span> <span class='ocrx_word' id='word_1_195' title='bbox 1315 2523 1456 2571; x_wconf 89' lang='lat' dir='ltr'>multi</span> <span class='ocrx_word' id='word_1_196' title='bbox 1482 2524 1800 2572; x_wconf 89' lang='lat' dir='ltr'>crediderunt</span> <span class='ocrx_word' id='word_1_197' title='bbox 1827 2524 1874 2570; x_wconf 91' lang='lat' dir='ltr'>in</span> <span class='ocrx_word' id='word_1_198' title='bbox 1918 2539 2031 2570; x_wconf 90' lang='lat' dir='ltr'>eum</span> <span class='ocrx_word' id='word_1_199' title='bbox 2057 2522 2310 2569; x_wconf 88' lang='lat' dir='ltr'>samarita-</span> 
     </span>
     <span class='ocr_line' id='line_1_27' title="bbox 493 2605 2378 2671; baseline -0.002 -17"><span class='ocrx_word' id='word_1_200' title='bbox 493 2614 669 2655; x_wconf 89' lang='lat' dir='ltr'>norum</span> <span class='ocrx_word' id='word_1_201' title='bbox 708 2621 913 2671; x_wconf 87' lang='lat' dir='ltr'>propter</span> <span class='ocrx_word' id='word_1_202' title='bbox 951 2608 1160 2656; x_wconf 88' lang='lat' dir='ltr'>uerbum</span> <span class='ocrx_word' id='word_1_203' title='bbox 1204 2608 1424 2656; x_wconf 89' lang='lat' dir='ltr'>mulieris</span> <span class='ocrx_word' id='word_1_204' title='bbox 1469 2609 1810 2656; x_wconf 90' lang='lat' dir='ltr'>testimonium</span> <span class='ocrx_word' id='word_1_205' title='bbox 1845 2605 2146 2670; x_wconf 75' lang='lat' dir='ltr'>peribentis&lt;</span> <span class='ocrx_word' id='word_1_206' title='bbox 2196 2605 2312 2668; x_wconf 91' lang='lat' dir='ltr'>quia</span> <span class='ocrx_word' id='word_1_207' title='bbox 2375 2664 2378 2668; x_wconf 31' lang='grc' dir='ltr'>Ι</span> 
     </span>
     <span class='ocr_line' id='line_1_28' title="bbox 494 2693 1445 2756; baseline 0 -17"><span class='ocrx_word' id='word_1_208' title='bbox 494 2693 619 2739; x_wconf 89' lang='lat' dir='ltr'>dixit</span> <span class='ocrx_word' id='word_1_209' title='bbox 646 2693 757 2740; x_wconf 90' lang='lat' dir='ltr'>mici</span> <span class='ocrx_word' id='word_1_210' title='bbox 784 2693 952 2740; x_wconf 89' lang='lat' dir='ltr'>omnia</span> <span class='ocrx_word' id='word_1_211' title='bbox 977 2710 1293 2756; x_wconf 89' lang='lat' dir='ltr'>quecumque</span> <span class='ocrx_word' id='word_1_212' title='bbox 1321 2693 1445 2748; x_wconf 90' lang='lat' dir='ltr'>feci.,</span> 
     </span>
     <span class='ocr_line' id='line_1_29' title="bbox 563 2771 2308 2847; baseline 0.001 -18"><span class='ocrx_word' id='word_1_213' title='bbox 563 2782 731 2844; x_wconf 75' lang='lat' dir='ltr'>Quum</span> <span class='ocrx_word' id='word_1_214' title='bbox 776 2783 1035 2831; x_wconf 88' lang='lat' dir='ltr'>uenissent</span> <span class='ocrx_word' id='word_1_215' title='bbox 1075 2800 1196 2847; x_wconf 88' lang='lat' dir='ltr'>ergo</span> <span class='ocrx_word' id='word_1_216' title='bbox 1236 2784 1299 2831; x_wconf 87' lang='lat' dir='ltr'>ad</span> <span class='ocrx_word' id='word_1_217' title='bbox 1327 2783 1461 2830; x_wconf 92' lang='lat' dir='ltr'>illum</span> <span class='ocrx_word' id='word_1_218' title='bbox 1506 2784 1820 2831; x_wconf 65' lang='lat' dir='ltr'>samaritaniae</span> <span class='ocrx_word' id='word_1_219' title='bbox 1854 2771 2163 2847; x_wconf 83' lang='lat' dir='ltr'>rogaberunt</span> <span class='ocrx_word' id='word_1_220' title='bbox 2196 2800 2308 2830; x_wconf 93' lang='lat' dir='ltr'>eum</span> 
     </span>
     <span class='ocr_line' id='line_1_30' title="bbox 496 2867 1610 2923; baseline 0.002 -9"><span class='ocrx_word' id='word_1_221' title='bbox 496 2879 547 2914; x_wconf 91' lang='lat' dir='ltr'>ut</span> <span class='ocrx_word' id='word_1_222' title='bbox 572 2867 638 2914; x_wconf 91' lang='lat' dir='ltr'>ibi</span> <span class='ocrx_word' id='word_1_223' title='bbox 666 2872 918 2915; x_wconf 60' lang='lat' dir='ltr'>maneret-⁶</span> <span class='ocrx_word' id='word_1_224' title='bbox 943 2879 992 2914; x_wconf 91' lang='lat' dir='ltr'>et</span> <span class='ocrx_word' id='word_1_225' title='bbox 1019 2868 1201 2915; x_wconf 87' lang='lat' dir='ltr'>mansit</span> <span class='ocrx_word' id='word_1_226' title='bbox 1228 2868 1298 2914; x_wconf 89' lang='lat' dir='ltr'>ibi</span> <span class='ocrx_word' id='word_1_227' title='bbox 1320 2868 1446 2915; x_wconf 90' lang='lat' dir='ltr'>duos</span> <span class='ocrx_word' id='word_1_228' title='bbox 1473 2868 1610 2923; x_wconf 64' lang='lat' dir='ltr'>dies„</span> 
     </span>
     <span class='ocr_line' id='line_1_31' title="bbox 427 2956 2307 3026; baseline 0.001 -23"><span class='ocrx_word' id='word_1_229' title='bbox 427 2978 470 3012; x_wconf 87' lang='lat'>30</span> <span class='ocrx_word' id='word_1_230' title='bbox 563 2957 631 3004; x_wconf 91' lang='lat' dir='ltr'>Et</span> <span class='ocrx_word' id='word_1_231' title='bbox 649 2956 787 3004; x_wconf 90' lang='lat' dir='ltr'>multi</span> <span class='ocrx_word' id='word_1_232' title='bbox 804 2957 1826 3020; x_wconf 68' lang='lat' dir='ltr'>credideruntproptersermonemeiuscet</span> <span class='ocrx_word' id='word_1_233' title='bbox 1844 2956 2307 3026; x_wconf 66' lang='lat' dir='ltr'>mulieridicebant„</span> 
     </span>
     <span class='ocr_line' id='line_1_32' title="bbox 562 3046 2307 3110; baseline 0 -16"><span class='ocrx_word' id='word_1_234' title='bbox 562 3047 694 3108; x_wconf 75' lang='lat' dir='ltr'>Quia</span> <span class='ocrx_word' id='word_1_235' title='bbox 718 3047 811 3093; x_wconf 89' lang='lat' dir='ltr'>iam</span> <span class='ocrx_word' id='word_1_236' title='bbox 843 3064 940 3093; x_wconf 89' lang='lat' dir='ltr'>non</span> <span class='ocrx_word' id='word_1_237' title='bbox 985 3060 1189 3109; x_wconf 82' lang='lat' dir='ltr'>propter</span> <span class='ocrx_word' id='word_1_238' title='bbox 1233 3059 1365 3094; x_wconf 84' lang='lat' dir='ltr'>tuam</span> <span class='ocrx_word' id='word_1_239' title='bbox 1410 3046 1674 3110; x_wconf 79' lang='lat' dir='ltr'>loquellam</span> <span class='ocrx_word' id='word_1_240' title='bbox 1718 3047 1993 3094; x_wconf 59' lang='lat' dir='ltr'>credimus(</span> <span class='ocrx_word' id='word_1_241' title='bbox 2045 3047 2137 3110; x_wconf 84' lang='lat' dir='ltr'>ipsi</span> <span class='ocrx_word' id='word_1_242' title='bbox 2177 3048 2307 3095; x_wconf 89' lang='lat' dir='ltr'>enim</span> 
     </span>
     <span class='ocr_line' id='line_1_33' title="bbox 492 3125 2227 3194; baseline 0 -16"><span class='ocrx_word' id='word_1_243' title='bbox 492 3131 772 3179; x_wconf 89' lang='lat' dir='ltr'>audiuimus</span> <span class='ocrx_word' id='word_1_244' title='bbox 799 3142 848 3178; x_wconf 92' lang='lat' dir='ltr'>et</span> <span class='ocrx_word' id='word_1_245' title='bbox 873 3131 1084 3178; x_wconf 68' lang='lat' dir='ltr'>scimus&lt;</span> <span class='ocrx_word' id='word_1_246' title='bbox 1118 3125 1233 3194; x_wconf 89' lang='lat' dir='ltr'>quia</span> <span class='ocrx_word' id='word_1_247' title='bbox 1259 3131 1337 3178; x_wconf 91' lang='lat' dir='ltr'>hic</span> <span class='ocrx_word' id='word_1_248' title='bbox 1364 3143 1439 3178; x_wconf 90' lang='lat' dir='ltr'>est</span> <span class='ocrx_word' id='word_1_249' title='bbox 1466 3149 1583 3183; x_wconf 89' lang='lat' dir='ltr'>uere</span> <span class='ocrx_word' id='word_1_250' title='bbox 1608 3130 1827 3178; x_wconf 80' lang='lat' dir='ltr'>salbator</span> <span class='ocrx_word' id='word_1_251' title='bbox 1851 3131 2052 3187; x_wconf 63' lang='lat' dir='ltr'>mundi,</span> <span class='ocrx_word' id='word_1_252' title='bbox 2083 3148 2227 3179; x_wconf 86' lang='lat' dir='ltr'>amen</span> 
     </span>
    </p>
   </div>
   <div class='ocr_carea' id='block_1_5' title="bbox 594 3265 948 3299">
    <p class='ocr_par' dir='ltr' id='par_1_5' title="bbox 594 3265 948 3299">
     <span class='ocr_line' id='line_1_34' title="bbox 594 3265 948 3299; baseline -0.008 -7"><span class='ocrx_word' id='word_1_253' title='bbox 594 3275 625 3299; x_wconf 88' lang='lat'>25</span> <span class='ocrx_word' id='word_1_254' title='bbox 640 3265 775 3292; x_wconf 45' lang='lat' dir='ltr'>ciuitate*</span> <span class='ocrx_word' id='word_1_255' title='bbox 789 3273 814 3289; x_wconf 91' lang='lat' dir='ltr'>m</span> <span class='ocrx_word' id='word_1_256' title='bbox 827 3272 948 3289; x_wconf 81' lang='lat' dir='ltr'>erasum</span> 
     </span>
    </p>
   </div>
  </div>
 </body>
</html>
