2554 3658
529 321 622 366 442

589 435 646 475 ad
687 415 860 488 galatas
905 435 987 476 sub
1031 435 1160 476 titulo
1206 444 1327 476 V1111.

534 620 587 653 IN
604 620 808 662 QUARTA
830 621 978 653 FERIA
992 621 1126 653 ANTE
1145 620 1331 652 PASCHA

593 681 648 723 ad
673 681 874 735 ephesios
896 682 978 722 sub
1011 680 1141 722 titulo
1163 690 1244 722 VII.

539 941 591 973 IN
609 941 803 982 QUINTA
818 942 966 972 FERIA
987 941 1123 973 ANTE
1147 942 1333 974 PASCHA

597 1003 650 1042 ad
704 1001 954 1042 corintheos
1007 1010 1021 1040 Ι
1073 1001 1155 1042 sub
1206 1001 1336 1043 titulo

540 1078 676 1108 XXIII.

541 1190 595 1222 IN
619 1190 813 1231 QUINTA
828 1190 975 1221 FERIA
993 1190 1060 1221 AD
1075 1190 1337 1222 UESPERAM

598 1259 770 1291 CENAM
793 1258 994 1291 DOMINI.

598 1320 654 1360 ad
678 1319 927 1360 corintheos
951 1328 965 1359 Ι
989 1319 1071 1360 sub
1093 1319 1224 1361 titulo
1247 1329 1339 1362 LVI.

543 1443 594 1474 IN
622 1442 778 1475 SEXTA
815 1442 977 1473 FERIA‘
998 1440 1133 1472 ANTE
1171 1441 1336 1475 NOCTU

602 1510 791 1543 MAGNA.
1114 1501 1119 1507 '

559 1621 562 1623 ,
601 1571 654 1611 ad
680 1569 981 1624 philippenses
1015 1569 1096 1611 sub
1119 1570 1250 1612 titulo
1271 1580 1311 1611 V.

546 1694 598 1726 IN
624 1693 792 1727 NOCTU
817 1692 1010 1726 SANCTA
1032 1718 1039 1724 .
1065 1693 1209 1739 MANE

603 1756 659 1797 ad
678 1754 980 1808 philippenses
997 1754 1079 1795 sub
1096 1753 1227 1795 titulo
1243 1762 1347 1796 X111.
1368 1804 1377 1815 „

547 1947 599 1979 IN
626 1947 792 1979 NOCTU
817 1946 1009 1979 SANCTA
1030 1969 1038 1979 .
1063 1945 1230 1978 NOCTU

604 2007 660 2048 ad
713 2006 964 2048 corintheos
1017 2016 1032 2046 Ι
1084 2006 1167 2048 sub
1218 2005 1348 2047 titulo

547 2086 701 2118 XLIIII.

549 2269 600 2300 IN
627 2268 863 2301 SANCTUM
887 2268 1076 2300 PASCHA

607 2316 662 2370 ad
700 2328 973 2370 colossenses
1010 2328 1092 2370 sub
1123 2328 1254 2370 titulo
1285 2338 1349 2370 XI.

551 2589 604 2620 IN
630 2588 861 2621 SECUNDA
884 2588 1034 2620 FERIA
1057 2589 1277 2621 PASCHAE

608 2650 663 2688 ad
687 2661 895 2689 romanos
917 2648 999 2689 sub
1031 2648 1161 2690 titulo
1182 2659 1257 2689 XV.

553 2908 605 2939 IN
631 2909 727 2939 TER
751 2908 899 2939 FERIA
922 2908 1142 2941 PASCHAE

610 2970 665 3010 ad
690 2983 895 3010 romanos
917 2969 999 3010 sub
1027 2969 1157 3010 titulo
1179 2980 1264 3012 XII.

938 321 1216 354 LECTIONES
1255 322 1319 353 EX
1356 320 1610 353 APOSTOLO
1647 321 1927 355 CAPUANAE.

1420 434 1688 489 cognoscite
1704 450 1808 491 ergo
1822 438 1926 491 quia
1941 437 2014 491 qui
2037 451 2096 478 ex
2113 437 2200 480 fide
2227 470 2332 479 ......

1423 505 1691 559 accipiamus
1715 518 1792 559 per
1812 504 1958 548 fidem.
1987 506 2064 560 (ΙΙΙ
2089 507 2212 560 7-14)

1482 614 1647 651 Lectio
1677 617 1789 662 post
1817 614 2180 661 indulgentiam
2217 614 2338 653 feria

1425 689 1526 719 1111.
1554 682 1682 723 Nunc
1707 689 1854 724 autem
1872 684 1913 724 in
1938 683 2102 725 christo
2120 684 2242 725 ihesu
2258 697 2340 725 uos

1426 751 1500 805 qui
1523 751 1763 805 aliquando
1782 786 1886 794 ......
1913 766 1989 807 per
2007 753 2139 795 fidem
2162 752 2264 795 eius.
2283 753 2352 807 (11'

1433 830 1561 873 13-111
1590 821 1671 875 12.)

1484 935 1614 974 Lect.
1667 936 1718 972 in
1768 944 1887 973 cena
1936 936 2129 974 domini
2178 945 2339 975 mane.

1428 1002 1620 1044 Nescitis
1656 1004 1762 1057 quia
1805 1002 2029 1046 modicum
2076 1003 2341 1046 fermentum

1432 1101 1537 1110 ......
1556 1076 1597 1110 et
1615 1070 1656 1110 in
1676 1071 1829 1124 spiritu
1846 1072 2077 1115 deinostri.
2093 1072 2142 1126 (V
2155 1074 2254 1114 6-V1
2277 1073 2360 1127 11)

1490 1183 1618 1221 Lect.
1654 1184 1705 1221 in
1737 1193 1859 1223 cena
1891 1186 2081 1225 domini
2121 1186 2182 1224 ad
2216 1195 2344 1226 sero.

1432 1250 1813 1295 conuenientibus
1828 1267 1862 1296 e.
1879 1253 2006 1296 uobis
2019 1255 2063 1296 in
2082 1268 2218 1298 unum
2237 1289 2342 1298 ......

1432 1333 1532 1361 cum
1547 1320 1632 1362 hoc
1648 1323 1816 1365 mundo
1831 1324 2181 1380 damnemur.(x1
2198 1326 2348 1381 20·32)

1489 1435 1619 1473 Lect.
1658 1435 1709 1472 in
1728 1440 1869 1475 sexta
1898 1436 2023 1478 feria
2052 1442 2167 1477 ante
2193 1444 2347 1479 noctu

1432 1506 1615 1542 sancta.
1657 1504 1757 1545 Hoc
1792 1506 1908 1547 enim
1946 1506 2108 1549 sentite
2139 1508 2184 1549 in
2221 1509 2349 1551 uobis

1437 1604 1542 1614 ......
1569 1573 1612 1613 in
1635 1573 1776 1626 gloria
1798 1581 1865 1617 est
1887 1576 1957 1617 dei
1981 1578 2127 1630 patris.
2146 1577 2203 1632 (11
2228 1578 2349 1632 5-11)

1494 1686 1659 1725 Pridie
1668 1689 1832 1726 natale
1845 1689 2052 1730 domini.
2070 1695 2118 1730 et
2132 1693 2184 1730 in
2200 1695 2353 1732 noctu
2378 1689 2380 1691 ’

1437 1758 1622 1796 sancta.
1658 1755 1853 1799 Gaudite
1891 1759 1932 1800 in
1960 1760 2145 1806 domino
2181 1774 2355 1816 semper

1443 1857 1548 1865 ......
1575 1826 1695 1879 pacis
1717 1826 1799 1868 erit
1822 1827 2065 1871 uobiscum.
2082 1828 2154 1882 (IV
2174 1829 2269 1884 4-9)
2310 1881 2313 1882 ⁷

1498 1938 1628 1977 Lect.
1670 1940 1722 1976 in
1762 1944 1907 1980 nocte
1936 1945 2105 1981 sancta
2133 1944 2195 1982 ad
2230 1952 2356 1982 sero.

1441 2007 1558 2049 Nolo
1576 2022 1609 2049 e.
1634 2022 1673 2050 u.
1695 2009 1897 2062 ignorare
1913 2009 1959 2053 fr.
1983 2012 2192 2066 quoniam
2210 2018 2359 2067 patres

1441 2077 1577 2118 nostri
1617 2110 1721 2119 ......
1748 2085 1872 2132 petra
1909 2086 2059 2123 autem
2083 2087 2176 2124 erat
2209 2081 2356 2124 Chris-

1441 2151 1524 2189 tus.
1545 2146 1598 2199 (X
1626 2148 1711 2200 1-4)

1504 2262 1634 2300 Lect.
1656 2263 1709 2301 in
1729 2267 1959 2303 sanctum
1984 2265 2171 2305 Pascho
2191 2265 2359 2306 domi-

1440 2330 1566 2369 nico.
1592 2330 1639 2373 Si
1678 2334 2019 2376 consurrexistis
2055 2348 2156 2377 cum
2194 2334 2359 2378 christo

1445 2432 1547 2442 ......
1590 2402 1739 2443 omnia
1762 2409 1806 2444 et
1845 2404 1886 2443 in
1917 2404 2124 2446 omnibus
2160 2404 2359 2447 christus.
2412 2442 2413 2448 ,

1445 2469 1523 2522 (111
1551 2470 1670 2523 1-11)

1500 2584 1629 2622 Lect.
1660 2585 1711 2621 in
1732 2586 1951 2624 secunda
1972 2585 2096 2624 feria
2127 2586 2359 2626 Paschae.

1441 2650 1513 2691 An
1545 2652 1757 2705 ignoratis
1779 2654 1882 2708 quia
1917 2655 2185 2709 quicumque
2215 2654 2358 2709 bapti-

1443 2721 1528 2761 zati
1731 2723 1931 2765 uiuentes
1982 2730 2130 2766 autem
2178 2725 2263 2766 deo
2315 2725 2358 2766 in

1441 2789 1605 2832 christo
1627 2790 1760 2833 ihesu.
1783 2791 1854 2846 (VI
1879 2793 2002 2848 3-11)

1460 2904 1625 2941 ·Lect.
1668 2904 1720 2943 in
1767 2906 1914 2944 tertia
1960 2905 2083 2944 feria
2125 2906 2355 2945 Paschae.

1441 2971 1489 3013 Si
1520 2973 1638 3014 enim
1662 2973 1849 3015 christus
1881 2987 1981 3016 curn
2015 2974 2158 3016 adhuc
2197 2974 2356 3016 infirmi

1442 3053 1638 3083 essemus
1679 3075 1785 3085 ......
1816 3043 2056 3097 gloriamur
2093 3042 2135 3084 in
2159 3043 2244 3084 deo
2279 3055 2358 3096 per

1442 3109 1672 3152 dominum
1703 3117 1902 3153 nostrum
1926 3110 2096 3152 ihesum
2133 3109 2359 3152 christum.

1442 3176 1493 3230 (v
1515 3178 1639 3231 6-11)
1854 3188 1857 3191 ·
