2554 3658
902 330 1188 364 molesmum
1227 333 1441 367 PRIMUM.
1981 326 2040 385 38
2053 341 2069 372 1

265 443 381 491 Hoc
420 443 552 491 enim
595 444 773 493 scitote
821 444 1168 509 intellegentes
1211 483 1221 493 .
1266 447 1383 510 quia
1430 448 1592 496 omnis
1643 449 1936 500 fornicator<
1991 463 2075 500 aut

258 526 466 576 abarusx·
500 539 583 576 aut
610 528 905 578 inmundusx
938 530 1072 593 quod
1098 541 1174 578 est
1202 530 1444 579 idolorum
1471 533 1712 581 seruitus(
1748 552 1846 582 non
1873 522 2075 584 habebit

259 612 585 661 hereditatem
614 613 660 660 in
706 630 862 677 regno
904 613 988 677 xpi
1028 625 1078 662 et
1117 614 1226 670 dei„
1276 615 1444 663 Nemo
1485 634 1574 665 uos
1614 618 1819 666 seducat
1846 612 2074 668 inanibus

258 696 453 744 uerbis(
502 710 705 761 propter
746 697 840 746 hoc
883 698 1014 746 enirn
1059 698 1196 747 uenit
1239 699 1308 746 ira
1350 700 1429 748 dei
1475 701 1523 748 in
1567 701 1693 750 filios
1737 702 2071 759 infidelitatis,

262 780 434 829 Nolite
459 798 580 847 ergo
617 781 744 830 effici
771 782 1034 846 participes
1059 799 1262 839 eorum„
2123 802 2139 835 5

329 865 496 914 Eratis
544 867 676 915 enim
725 866 991 930 aliquando
1040 867 1272 916 tenebret.
1322 865 1341 935 ΙΙ
1383 886 1512 917 nunc
1561 883 1727 919 autem
1771 871 1854 919 lux
1892 872 1939 920 in
1989 873 2074 922 do-

259 965 424 1003 mmo„

328 1034 467 1082 Sicut
506 1034 590 1083 filii
621 1035 742 1085 lucis
767 1033 1013 1083 amblatea
1045 1035 1094 1083 in
1133 1052 1233 1099 xpo
1259 1035 1400 1085 ihesu
1425 1037 1630 1087 domino
1665 1051 1867 1096 nostro,
1895 1057 2074 1098 amen.,

328 1203 563 1244 LECTIO
612 1206 842 1246 SANCTI
896 1204 1285 1245 EUANGELHA
1332 1205 1695 1246 SECUNDUM
1749 1207 2004 1258 LUCAN.,

977 1287 1120 1340 (Marc.
1153 1289 1191 1326 X
1221 1289 1358 1339 35-45)
1549 1342 1553 1346 ἡ
2104 1302 2143 1325 ιο
2196 1290 2199 1292 “

330 1427 407 1475 ΙΝ
454 1428 628 1477 ILLO
668 1427 1067 1476 TEMPORE<
1116 1439 1432 1475 accesserunt
1470 1427 1533 1475 ad
1577 1428 1834 1476 dominum
1879 1428 2073 1477 ihesum
2139 1467 2143 1470 .

258 1513 460 1562 iacobus
486 1525 536 1562 et
562 1513 804 1562 iohannes
843 1512 927 1561 filii
971 1512 1203 1560 zebedei(
1234 1511 1490 1568 dicentes,
1538 1512 1812 1578 Magister(
1845 1513 2074 1562 uolumus

259 1609 311 1645 ut
335 1597 687 1661 quodcumque
713 1597 1030 1660 petierimus<
1063 1596 1212 1645 facias
1238 1596 1412 1653 nobis,

330 1681 398 1729 Et
423 1681 686 1738 dixerunt„
720 1681 802 1729 Da
828 1681 972 1729 nobis
1013 1692 1067 1729 ut
1108 1681 1317 1730 sedeant
1342 1681 1408 1728 hii
1435 1681 1536 1729 duo
1561 1681 1645 1729 filii
1672 1682 1767 1731 mei
1811 1682 1974 1731 hunus
2010 1684 2073 1731 ad

181 1758 187 1763 ¹
257 1765 515 1814 dexteram
545 1777 678 1813 tuam
706 1765 754 1813 in
782 1781 938 1830 regno
965 1778 1079 1822 tuo„
1952 1803 1954 1805 >
2040 1765 2042 1767 ’
2104 1780 2139 1814 ¹5

330 1849 508 1898 Ihesus
534 1861 700 1898 autem
727 1849 852 1897 dixit
878 1849 981 1906 eiS„

328 1933 549 1982 Nescitis
574 1933 694 1997 quid
721 1933 932 1997 petatis,

325 2019 542 2067 Potestis
568 2018 770 2067 calicem
797 2018 996 2067 biuere<
1027 2035 1176 2082 quem
1206 2034 1304 2083 ego
1330 2017 1573 2066 biuiturus
1600 2035 1708 2066 sum
1735 2018 1754 2067 ?

320 2104 390 2152 At
417 2103 513 2151 illic
546 2103 814 2160 dixerunt„

323 2188 625 2243 Possumus„
661 2187 839 2236 Ihesus
865 2198 1031 2236 autem
1058 2187 1183 2236 dixit
1208 2187 1312 2243 eis.,
2095 2206 2137 2228 20

319 2272 538 2321 Calicem
582 2273 784 2336 quidem
829 2289 994 2320 meum
1037 2272 1246 2321 biuetisc
1294 2273 1470 2321 sedere
1512 2284 1678 2320 autem
1706 2273 1768 2320 ad
1808 2274 2068 2322 dexteram

250 2375 410 2406 meam
439 2356 517 2406 uel
544 2358 606 2406 ad
650 2357 900 2405 sinistram
943 2373 1042 2405 non
1082 2369 1158 2405 est
1201 2374 1363 2405 meum
1405 2357 1523 2406 dare
1550 2358 1721 2406 uobis(
1756 2361 1844 2407 sed
1889 2360 2069 2423 quibus

249 2455 474 2507 paratum
502 2454 578 2491 est
604 2460 632 2490 a
658 2454 798 2506 patre
826 2458 969 2497 meo„
1004 2442 1010 2505 Ι
1041 2443 1139 2502 489
1172 2439 1178 2505 Ι

319 2528 388 2576 Et
413 2528 673 2576 audientes
698 2527 901 2574 decem<
934 2538 1173 2589 ceperunt
1200 2525 1445 2590 indignari
1473 2526 1536 2574 de
1558 2526 1732 2575 iacobo
1750 2540 1801 2582 et,
1820 2529 2065 2587 iohanne„

255 2612 429 2660 Ihesus
456 2624 621 2660 autem
649 2628 833 2660 uocans
876 2625 991 2659 eost
1025 2610 1092 2658 ait
1137 2609 1259 2666 illis„
1309 2610 1459 2658 Scitis
1484 2611 1600 2674 quia
1625 2611 1691 2659 hii
1718 2612 1801 2676 qui
1836 2613 2068 2662 uidentur
2092 2634 2131 2667 25

249 2697 512 2760 principari
552 2696 788 2761 gentibus
831 2695 1151 2743 dominantur
1193 2694 1293 2743 εἰεί
1340 2706 1389 2742 et
1432 2696 1681 2760 principes
1707 2714 1877 2745 eorum
1905 2712 2064 2763 potes-

249 2791 402 2828 tatem
429 2779 616 2827 habent
642 2779 862 2842 ipsorum
888 2778 907 2826 ?

319 2866 439 2914 Non
466 2865 533 2913 ita
557 2878 634 2913 est
661 2865 789 2913 inter
815 2881 935 2918 uos..
979 2913 983 2916 ,

316 2949 417 2998 Sed
443 2949 527 3012 qui
553 2947 763 2997 uoluerit
790 2948 918 2996 inter
945 2965 1033 2996 uos
1059 2947 1215 2994 maior
1241 2945 1346 2994 fieri
1372 2984 1382 2994 .
1411 2946 1504 2995 erit
1531 2959 1697 2996 uester
1723 2949 1976 3007 minister„

228 3094 233 3097 ξ
318 3032 385 3079 Et
410 3031 494 3095 qui
531 3031 741 3080 uoluerit
767 3032 895 3080 inter
930 3048 1017 3079 uos
1049 3030 1236 3094 primus
1275 3044 1414 3078 esse<
1464 3030 1557 3078 erit
1595 3033 1816 3080 omnium
1855 3035 2060 3092 serbus,
2089 3063 2132 3096 30

250 3116 387 3164 Sicut
414 3115 542 3163 filius
568 3115 783 3164 hominis
810 3132 908 3163 non
936 3115 1072 3172 uenit
1100 3113 1362 3161 ministrari
1399 3113 1487 3162 sed
1515 3115 1821 3166 ministrare<
1862 3131 1912 3167 et
1945 3120 2064 3168 dare

249 3201 464 3248 animam
489 3217 627 3248 suam
657 3199 1016 3248 redemtionem
1042 3215 1132 3261 pro
1159 3197 1355 3252 multis,
1383 3215 1530 3246 amen
