2554 3658
483 348 513 393 4
936 347 990 380 IN
1030 342 1094 381 110
1129 347 1387 381 D0M1N1co
1422 349 1490 381 DE
1524 334 1828 382 A'DUENTUM.

487 511 489 513 ,
538 461 889 527 'Angularemx-
916 462 1217 526 pretiosum<
1241 462 1289 510 in
1325 460 1702 508 fundamentum
1737 460 2026 509 fundatum(
2053 473 2103 509 et
2132 459 2293 509 omnis

484 547 569 611 qui
594 546 856 595 crediderit
883 547 932 594 in
958 564 1019 595 eo
1046 564 1145 594 non
1165 546 1398 601 festinet.‚

555 631 624 681 Et
644 647 826 695 ponam
851 630 1085 679 iudicium
1112 631 1161 678 in
1181 629 1431 694 pondere(
1464 640 1515 676 et
1556 628 1792 676 iustitiam
1819 629 1868 677 in
1895 646 2207 686 mensuram„

557 714 743 764 Nonne
784 712 945 761 adhuc
986 713 1234 762 modicum
1270 723 1321 761 et
1363 712 1412 760 in
1452 712 1620 760 brebia
1661 724 1978 761 conuertetur
2013 712 2206 761 liuanus
2246 712 2295 760 in

426 813 464 850 ⁴5
487 798 696 848 cermel<
721 810 770 847 et
788 798 969 847 cermel
988 799 1035 846 in
1054 797 1233 846 saltum
1251 796 1587 860 reputabiturt.
1612 807 1662 844 et
1677 796 1880 845 audient
1899 797 1948 844 in
1965 797 2045 845 die
2064 795 2145 844 illa
2160 795 2295 844 surdi
2319 854 2324 860 .

488 883 640 934 uerba
664 882 787 933 libri.
815 894 865 932 et
890 882 954 931 de
979 882 1199 931 tenebris
1225 893 1275 930 et
1300 880 1512 946 caligine
1536 880 1663 930 oculi
1689 890 1948 930 caecorum
1981 881 2251 938 uidebunt.‚
2281 878 2300 948 ΙΙ

559 967 627 1014 Et
666 967 852 1014 addent
902 966 1048 1014 mites
1087 965 1324 1015 letitiamt
1371 977 1421 1014 et
1479 982 1724 1029 pauperes
1767 965 1995 1015 homines
2033 966 2081 1014 in
2124 977 2298 1014 sancto

489 1049 651 1099 srahel
679 1049 1002 1106 exultabunt„
1025 1049 1277 1111 Quoniam
1303 1050 1484 1098 defecit
1509 1049 1593 1113 qui
1619 1049 1938 1113 prebalebat.,

560 1134 895 1194 Consumatus
921 1143 997 1181 est
1022 1132 1237 1181 inlusor(
1270 1146 1319 1182 et
1358 1133 1579 1182 suscitati
1596 1146 1711 1183 sunt
1730 1151 1905 1183 omnes
1924 1134 2008 1198 qui
2025 1133 2301 1200 uigilabant

430 1243 469 1266 10
492 1235 641 1282 super
658 1216 1002 1281 iniquitatem„

560 1302 660 1365 Qui
686 1318 893 1365 peccare
919 1300 1165 1349 faciebant
1192 1300 1420 1350 homines
1441 1302 1489 1350 in
1515 1301 1670 1350 uerbo
1695 1311 1745 1350 et
1770 1313 2063 1366 arguentem
2091 1302 2139 1350 in
2160 1313 2303 1366 porta

494 1385 910 1450 supplantabant<
943 1396 993 1433 et
1017 1384 1392 1434 declinaberunt
1418 1385 1598 1432 frustra
1622 1401 1652 1432 a
1678 1384 1838 1441 iusto.,

564 1472 775 1534 Propter
798 1469 921 1519 hoca
949 1470 1040 1518 hec
1073 1469 1191 1518 dicit
1217 1469 1447 1518 dominus
1473 1469 1535 1517 ad
1561 1469 1764 1517 domum
1793 1469 1934 1518 iacob
1969 1469 2052 1533 qui
2095 1468 2305 1518 redemit
2334 1455 2338 1459 “

495 1555 785 1611 τὼῑεὼειηιῖ,

433 1660 476 1695 151
566 1640 685 1688 Non
704 1638 853 1687 modo
873 1637 1203 1686 confundetur
1233 1638 1402 1702 iacob4
1428 1656 1518 1688 nec
1538 1639 1688 1688 modo
1705 1638 1869 1688 uultus
1886 1640 1992 1689 eius
2012 1640 2302 1696 erubescet„

564 1722 667 1771 Sed
691 1739 845 1786 quum
871 1721 1086 1769 uiderint
1112 1720 1239 1769 filios
1265 1739 1382 1770 suos
1407 1741 1561 1787 opera
1586 1741 1786 1772 manum
1815 1741 2035 1773 mearum
2062 1724 2111 1772 in
2138 1724 2304 1772 medio

495 1806 584 1855 sui.
612 1805 978 1855 sanctificantes
1018 1821 1199 1853 nomen
1244 1821 1437 1854 meuma
1476 1805 1481 1870 Ι
1515 1824 1580 1868 40
1611 1806 1616 1873 Ι
1663 1807 2040 1856 sanctificabunt
2069 1816 2303 1856 sanctum

498 1891 640 1939 iacob
677 1902 727 1938 et
769 1889 918 1939 deum
958 1887 1120 1937 srahel
1163 1888 1504 1951 predicabunt.
1549 1903 1599 1939 et
1641 1892 1798 1940 scient
1835 1904 2057 1940 errantes
2081 1892 2307 1955 spiritum

499 1974 803 2024 intellectum
846 1984 896 2022 et
930 1973 1246 2021 musitatores
1285 1973 1478 2022 discent
1516 1973 1679 2040 legem
1705 1986 1790 2039 ayt
1815 1975 2046 2024 dominus
2082 1975 2306 2039 omnipo-

366 2095 368 2098 ·
434 2090 476 2117 20
500 2072 642 2117 tens„
670 2059 837 2107 Amen

499 2193 863 2234 AEPISTOLA
882 2192 1093 2232 PAULI.
1126 2192 1443 2232 APOSTOLI
1462 2193 1548 2231 AD
1566 2173 1940 2234 CORINTIOS.
1972 2194 2306 2244 SECUNDA„

838 2268 840 2271 “
994 2261 1033 2314 (Ι
1056 2263 1148 2303 Cor.
1169 2263 1228 2301 IV
1252 2262 1330 2314 1-5)
1356 2263 1484 2306 ΠΕΟ
1507 2263 1816 2313 GRATIAS„

572 2373 916 2423 FRATRES
953 2373 1023 2421 sic
1060 2386 1156 2421 nos‘
1186 2373 1394 2421 extimet
1419 2371 1569 2421 homo
1602 2384 1656 2421 ut
1693 2373 1944 2422 ministros
1975 2374 2087 2437 xpi<
2125 2385 2173 2422 et
2212 2374 2307 2423 dis-

503 2470 793 2524 pensatores
820 2457 1156 2504 ministrorum
1178 2456 1288 2512 dei.,

439 2566 479 2602 25
576 2543 675 2592 Hic
693 2543 787 2591 iam
805 2541 1025 2605 queritur
1041 2541 1169 2591 inter
1184 2541 1584 2605 dispensatoresae
1612 2551 1663 2588 ut
1680 2539 1850 2588 fideles
1869 2540 1978 2603 quis
1996 2540 2304 2597 inueniatur.,

577 2627 696 2675 Mici
723 2637 890 2675 autem
916 2642 1005 2688 pro
1032 2616 1236 2672 minimo
1256 2635 1332 2673 est
1356 2635 1409 2672 ut
1434 2641 1462 2671 a
1487 2623 1631 2671 bobis
1653 2623 1865 2671 iudicer(
1906 2635 1990 2671 aut
2009 2623 2071 2672 ab
2091 2623 2308 2672 humano

506 2711 630 2759 diae.
661 2709 763 2758 Sed
790 2724 953 2770 neque
979 2724 1057 2755 me
1084 2707 1244 2773 ipsum
1271 2708 1467 2766 iudico„

578 2792 710 2841 Nicil
743 2792 875 2840 enim
906 2790 1018 2838 mici
1048 2791 1273 2839 conscius
1320 2806 1458 2839 sumae
1512 2803 1589 2840 set
1636 2809 1734 2840 non
1785 2791 1833 2839 in
1887 2791 1981 2840 hoc
2021 2791 2310 2841 iustificatus

508 2896 649 2935 sum.,

443 2990 486 3024 30
577 2962 678 3024 Qui
703 2970 870 3008 autem
897 2958 1128 3007 iustificat
1153 2976 1232 3007 me
1256 2959 1487 3007 dominus
1513 2971 1619 3015 est.,
1638 2957 1657 3025 ΙΙ

582 3048 758 3109 Itaque
783 3043 934 3091 nolite
959 3054 1074 3091 ante
1100 3055 1296 3108 tempus
1313 3045 1528 3093 iudicare
1547 3062 1645 3109 quo
1662 3045 1883 3108 adusque
1900 3043 2065 3092 ueniet
2083 3044 2313 3093 dominus

509 3132 593 3198 qui
618 3142 668 3179 et
695 3128 1004 3178 inluminauit
1029 3129 1319 3177 abscondita
1335 3129 1664 3178 tenebrarum.
1686 3141 1735 3178 et
1761 3128 2095 3177 manifestabit
2112 3129 2314 3179 consilia

577 3259 592 3280 2
604 3249 672 3279 non]
684 3246 873 3275 confundetur
884 3252 901 3271 2
914 3253 1005 3272 manu
1075 3255 1107 3285 30
1120 3244 1255 3272 iustificat
1267 3250 1279 3271 t
1291 3245 1360 3272 add.
1374 3247 1437 3278 sup.
1453 3245 1505 3272 lin.
