2554 3658
1141 739 1232 799 11.

462 862 1045 985 Kalendarium
1150 890 1915 1020 Gotho-Hispanum.

646 1024 725 1077 (Ex
744 1027 890 1066 eodem
910 1027 1000 1065 cod.
1024 1024 1132 1064 Paris
1153 1011 1202 1063 N.
1226 1038 1259 1062 a.
1282 1025 1305 1063 l.
1332 1036 1447 1074 2171,
1470 1037 1556 1075 pag.
1584 1025 1672 1074 28-3
1679 1023 1719 1075 3)

331 1211 454 1250 Haud
475 1224 614 1261 parum
633 1212 822 1260 conferet,
846 1211 920 1251 nisi
940 1212 1064 1259 fallor,
1099 1212 1212 1262 quod
1232 1210 1321 1250 heic
1342 1209 1535 1250 subicitur
1556 1210 1888 1261 Martyrologium
1920 1223 1990 1250 seu
2012 1212 2092 1250 Ka-

273 1264 496 1304 lendarium
512 1267 565 1306 ad
585 1279 747 1306 omnem
763 1242 1064 1321 dubitationem
1072 1266 1292 1305 tollendam
1309 1266 1361 1305 de
1376 1265 1483 1304 Libri
1497 1265 1655 1304 Comici
1671 1265 1935 1316 antiquitate.
1954 1273 2093 1316 utpote

273 1318 493 1369 quodlicet
513 1320 650 1370 paucis
670 1321 734 1360 vix
752 1317 866 1360 annis
887 1328 976 1372 post
995 1320 1105 1359 illum
1127 1320 1329 1371 scriptum,
1352 1327 1485 1359 tamen
1507 1321 1626 1370 longe
1646 1319 1762 1358 aliam
1785 1319 1972 1381 speciem,
1995 1321 2093 1359 mul-

275 1382 396 1423 toque
417 1374 678 1414 recentiorem
699 1383 869 1415 aetatem
893 1387 986 1425 prae
1005 1387 1048 1414 se
1077 1375 1202 1414 ferat.
1224 1374 1346 1414 Verbi
1367 1388 1499 1422 causa,
1523 1381 1659 1413 notata
1680 1376 1720 1412 in
1741 1387 1789 1414 eo
1808 1374 1988 1414 invenies
2010 1387 2091 1414 non

275 1429 405 1467 solum
440 1429 751 1469 Adsumtionem
780 1431 822 1469 Β.
848 1430 1000 1469 Mariae
1035 1431 1097 1478 V.
1131 1429 1439 1469 Dedic'ationem
1461 1429 1587 1468 sancti
1619 1429 1843 1476 Michaelis,
1873 1429 1945 1468 sed
1973 1429 2091 1468 etiam

277 1483 462 1523 natalicia
477 1483 723 1535 singulorum
739 1485 1025 1536 Apostolorum
1042 1491 1081 1523 et
1098 1483 1466 1535 Evangelistarum:
1487 1485 1539 1531 de
1554 1483 1700 1534 quibus
1716 1460 1905 1523 omnibus
1921 1483 2061 1534 plane
2051 1496 2092 1522 m

278 1536 398 1576 Libro
418 1538 590 1580 Comico
610 1545 772 1579 tacetur.

329 1593 600 1632 Veruntamen
620 1606 717 1633 cave
746 1601 954 1644 propterea
985 1592 1196 1640 existimes,
1219 1592 1316 1631 nihil
1337 1593 1447 1643 quod
1470 1606 1538 1643 per
1558 1605 1600 1632 se
1620 1600 1758 1643 aptum
1781 1592 1830 1632 sit
1849 1593 1900 1632 ad
1922 1593 2092 1632 delecta-

276 1645 425 1686 tionem
447 1647 664 1698 legentium
695 1647 736 1686 in
757 1661 806 1687 eo
826 1647 1001 1687 exhiberi
1021 1678 1028 1686 .
1053 1648 1171 1695 Nam,
1200 1654 1242 1686 ut
1261 1647 1414 1699 reliqua
1444 1654 1609 1694 taceam,
1632 1660 1737 1697 quae
1758 1660 1806 1686 ex
1825 1647 1910 1686 aliis
1931 1660 2093 1698 quoque

275 1700 451 1741 fontibus
481 1701 626 1740 hauriri
647 1709 824 1752 possunt,
847 1702 1039 1741 nonnulla
1070 1701 1124 1740 ibi
1143 1703 1327 1752 leguntur
1358 1715 1517 1753 prorsus
1547 1700 1770 1752 singularia,
1793 1714 1896 1751 quae
1916 1715 1939 1740 a
1959 1701 2091 1741 doctis

275 1754 366 1794 viris
386 1757 528 1799 sedulo
550 1763 748 1804 notentujr,
770 1764 911 1807 utputa
929 1771 936 1794 ε
960 1757 1002 1795 Χ
1013 1757 1148 1795 VIIII
1165 1757 1260 1795 Kal.
1271 1756 1374 1806 febr.
1402 1757 1545 1795 obitum
1569 1757 1718 1795 iuliani
1733 1757 1854 1804 toleto,
1894 1757 1982 1795 VII
1995 1757 2091 1795 Kal.

275 1812 401 1861 april.
425 1812 568 1850 obitum
570 1811 680 1861 flabt‘
689 1811 857 1862 episcopi,
875 1810 986 1849 llll
993 1811 1088 1850 Kal.
1108 1811 1189 1849 iun.
1206 1811 1350 1849 obitum
1365 1811 1502 1850 domni
1510 1811 1664 1860 eugenii
1674 1811 1794 1859 toleto,
1810 1812 1892 1849 III
1901 1811 1990 1850 idus
2003 1824 2090 1861 aug.

275 1866 442 1904 sacratio
466 1865 595 1903 sancti
616 1865 784 1904 martini
806 1866 974 1916 episcopi,
1011 1866 1098 1904 Vll
1122 1866 1217 1904 Kal.
1243 1866 1312 1904 dec.
1345 1867 1475 1904 sancti
1497 1866 1713 1911 salbatoris,
1745 1871 1806 1904 etc.

333 1920 466 1959 Pauca
485 1919 650 1970 quidem
685 1920 860 1966 nomina,
882 1932 986 1970 quae
1016 1919 1095 1959 iam
1116 1920 1247 1959 deleta
1281 1919 1474 1970 scriptura
1503 1921 1632 1970 legere
1667 1933 1748 1958 non
1775 1919 1915 1971 possis,
1948 1919 2093 1970 passim

278 1973 428 2012 restitui
458 1987 535 2024 ope
565 1973 798 2013 Passionarii
818 1973 913 2013 olim
934 1974 1121 2014 coenobii
1145 1975 1183 2014 S.
1209 1974 1415 2014 Dominici
1443 1976 1495 2014 de
1515 1974 1629 2022 Silos,
1665 1987 1771 2013 nunc
1793 1974 1959 2013 Parisini
1993 1974 2096 2014 inter

279 2040 368 2066 nov,
390 2041 476 2078 aeq.
514 2029 578 2066 lat.
605 2040 708 2079 ²179
739 2041 841 2068 saec.
865 2029 939 2074 XI,
974 2029 1085 2079 quod
1119 2035 1304 2068 accurate
1334 2028 1628 2080 descripserunt
1650 2030 1729 2067 PP.
1765 2029 2020 2068 Bollandiani
2054 2029 2095 2068 in

278 2082 475 2144 Catalogo
494 2082 682 2122 codicum
715 2083 1075 2134 hagiographorum
1098 2083 1286 2123 Biblioth.
1309 2083 1471 2123 Nation.
1506 2083 1631 2126 Paris.
1654 2091 1679 2123 t.
1716 2085 1798 2131 ΙΙΙ,
1820 2097 1855 2134 p.
1894 2086 1972 2133 476
2007 2097 2096 2134 sqq.

280 2136 405 2175 Hoc
395 2149 524 2188 1psum
546 2144 680 2230 tatflen
701 2150 907 2188 nunquam
928 2136 1159 2188 praesumsi,
1181 2136 1257 2178 nisi
1275 2137 1344 2191 ita,
1373 2146 1417 2178 ut
1445 2137 1635 2179 adhibitis
1655 2137 1812 2178 uncinis
1834 2140 2023 2178 lectorem
2045 2139 2096 2179 de

278 2203 320 2230 re
341 2191 536 2230 monitum
554 2204 601 2230 ve
632 2204 707 2230 em.

342 3307 472 3330 Anecdota
487 3308 595 3331 Mareds.
