2554 3658
938 361 992 393 IN
1032 361 1227 394 UIGILIA
1263 360 1428 406 PASCE.
2002 360 2091 407 197

348 476 507 524 Erant
532 487 698 524 autem
725 473 878 523 multa
903 490 1053 538 super
1077 472 1252 521 faciem
1278 472 1438 537 campi
1476 473 1704 536 siccaque
1742 485 2086 521 ueaementers.

277 573 327 609 et
350 561 476 608 dixit
501 561 563 608 ad
591 577 700 616 me.,

349 644 442 692 Fili
470 645 714 693 hominis(
746 656 958 708 putasne
982 643 1157 692 bibent
1182 659 1296 691 ossa
1322 641 1457 691 ista?
1486 642 1554 690 Et
1580 641 1718 698 dixi„

349 725 569 777 Domine
595 729 718 777 deus
744 741 796 777 tu
826 728 987 784 nosti„
1020 728 1087 775 Et
1111 727 1237 775 dixit
1254 723 1324 774 >ad
1351 744 1461 783 me.,

349 811 681 860 UATICINARE
707 812 770 860 de
795 812 991 860 ossibus
1018 812 1153 860 istis(
1185 823 1235 860 et
1257 811 1393 860 dices
1419 812 1520 867 eis„
2069 839 2072 842 ·
2148 827 2166 861 5

348 896 481 944 Ossa
506 889 671 944 arida(
703 897 871 945 audite
896 897 1103 945 uerbum
1130 897 1347 951 domini,
1382 896 1526 945 Haec
1551 896 1670 944 dicit
1705 896 1938 944 dominus
1975 895 2099 944 deus

279 982 341 1029 ad
369 981 566 1029 ossibus
594 969 731 1036 istis„
767 979 772 1046 Ι
809 983 902 1042 283
936 979 942 1047 Ι

350 1066 484 1114 Ecce
527 1082 623 1130 ego
666 1065 943 1114 intromitto
982 1065 1031 1113 in
1073 1065 1216 1114 uobis
1258 1065 1485 1129 spiritum
1528 1077 1578 1113 et
1615 1064 1824 1114 uibetisae
1874 1077 1924 1113 et
1966 1065 2098 1113 dabo

279 1167 431 1214 super
456 1159 547 1197 uos
573 1149 756 1197 nerbos
782 1189 791 1198 .
821 1161 871 1198 et
897 1166 1258 1201 sucmcrescere
1297 1149 1471 1197 faciam
1512 1167 1662 1214 super
1685 1166 1776 1198 uos
1801 1166 2004 1199 carnes<
2050 1162 2100 1198 et

277 1251 428 1298 super
475 1234 743 1282 extendam
794 1234 842 1281 in
891 1234 1034 1282 uobis
1082 1245 1276 1283 cutemc
1331 1246 1382 1283 et
1420 1234 1551 1282 dabo
1595 1234 1737 1283 uobis
1779 1235 2005 1299 spiritum
2049 1247 2100 1284 et
2130 1256 2169 1279 10

279 1317 490 1367 uibetis··A
511 1330 561 1366 et
586 1318 752 1366 scietis
778 1319 894 1383 quia
919 1336 1016 1384 ego
1036 1336 1145 1367 sum
1171 1319 1434 1375 dominus.,
1846 1315 1848 1318 ’

349 1404 418 1452 Et
443 1402 769 1466 prophetauic
802 1403 927 1451 sicut
953 1415 1243 1467 preceperat
1269 1403 1380 1451 mici
1407 1403 1669 1461 dominus.,

349 1488 559 1535 Factum
587 1499 664 1535 est
689 1499 855 1535 autem
883 1505 1036 1536 sonus
1061 1487 1444 1551 prophetantem
1471 1502 1580 1537 me<
1612 1500 1662 1537 et
1692 1504 1807 1537 ecce
1850 1490 2098 1546 comotio.,

282 1573 352 1621 Et
379 1584 696 1621 accesserunt
720 1589 835 1620 ossa
859 1572 921 1619 ad
965 1586 1107 1620 ossa(
1158 1572 1498 1637 unusquisque
1522 1572 1586 1620 ad
1611 1573 1883 1621 iuncturam
1926 1591 2097 1631 suam„

351 1662 420 1710 Et
463 1662 563 1709 uidi
604 1674 654 1710 et
693 1679 808 1710 ecce
850 1679 1000 1725 super
1042 1679 1100 1710 ea
1140 1663 1307 1712 nerui<
1340 1674 1389 1710 et
1427 1679 1601 1711 carnes
1643 1663 2003 1712 ascenderuntc
2053 1677 2102 1713 et
2131 1683 2168 1718 15

283 1758 491 1795 extensa
516 1758 593 1795 est
619 1746 667 1794 in
694 1746 765 1794 eis
791 1746 916 1794 cutis
941 1746 1185 1812 desuper<
1217 1758 1267 1795 et
1292 1747 1516 1811 spiritum
1545 1763 1644 1795 non
1670 1747 1917 1805 abebant.‚

353 1838 422 1886 Et
447 1837 572 1885 dixit
598 1837 660 1884 ad
687 1854 798 1893 me.,
824 1836 1112 1885 Uaticinare
1136 1836 1220 1884 filii
1246 1835 1490 1884 hominis(
1515 1848 1564 1885 et
1589 1836 1724 1897 dices
1749 1836 1813 1884 ad
1839 1837 2099 1901 spiritum,

287 1922 431 1971 Haec
456 1915 575 1970 dicit
603 1922 835 1970 dominus
860 1922 1015 1978 deus,

349 2013 396 2060 A
436 2024 673 2076 quattuor
711 2011 874 2060 uentis
917 2011 1031 2059 ueni
1074 2011 1276 2074 spiritus
1318 2023 1367 2058 et
1407 2009 1584 2058 insufla
1621 2028 1772 2075 super
1815 2013 2101 2062 interfectos

282 2096 433 2145 istos<
466 2108 515 2145 et
544 2096 885 2152 reuiuescant.,
912 2093 931 2162 ΙΙ
1470 2078 1477 2084 .
2127 2121 2170 2144 20

350 2187 418 2235 Et
461 2186 757 2250 prophetaui
786 2225 795 2234 .
823 2186 949 2234 sicut
988 2196 1279 2249 preceperat
1321 2184 1433 2232 mici
1472 2185 1732 2235 dominusJ.
1765 2201 1815 2236 et
1846 2189 2101 2254 ingressus

279 2283 355 2320 est
380 2271 428 2319 in
455 2271 528 2320 eis
554 2271 755 2335 spiritus
781 2283 831 2319 et
857 2271 1118 2326 uixerunt.,

347 2360 708 2424 Steteruntque
734 2377 884 2423 super
908 2360 1063 2423 pedes
1089 2372 1234 2407 suoss.
1257 2371 1306 2406 et
1327 2371 1432 2407 erat
1457 2360 1704 2410 exercitus
1723 2364 1932 2428 grandis
1954 2366 2099 2415 nimis

279 2444 455 2502 ualde,
488 2445 556 2493 Et
582 2445 707 2492 dixit
732 2444 795 2492 ad
822 2461 931 2500 me.,
965 2442 1056 2491 Fili
1085 2442 1342 2490 hominisc.
1361 2460 1475 2491 ossa
1500 2443 1623 2493 haec
1665 2447 1896 2496 uniuersa
1920 2449 2098 2499 domus

282 2528 445 2577 srahel
472 2541 578 2585 est.,
614 2529 715 2592 Ipsi
741 2528 911 2576 dicunt
937 2539 1170 2576 aruerunt
1195 2544 1310 2575 ossa
1335 2540 1531 2576 nostra(
1555 2541 1605 2578 et
1630 2531 1774 2593 periit
1798 2549 1913 2597 spes
1931 2548 2098 2584 nostra
2124 2557 2164 2592 25

279 2627 329 2663 et
354 2615 533 2663 abscisi
559 2632 760 2670 sumus,

351 2705 622 2769 Propterea
662 2704 961 2752 uaticinarec
1005 2714 1056 2750 et
1098 2695 1233 2749 dices
1272 2701 1334 2749 ad
1373 2696 1492 2758 eos.,
1527 2703 1670 2753 Haec
1713 2704 1830 2754 dicit
1866 2708 2096 2758 dominus

279 2789 434 2846 deus„

350 2879 553 2944 Eccego
578 2879 797 2943 aperiam
824 2877 1041 2931 tumulos
1069 2887 1260 2924 uestros
1288 2913 1296 2922 .
1326 2887 1376 2923 et
1401 2876 1608 2926 educam
1635 2896 1724 2928 uos
1757 2879 1820 2929 de
1858 2883 2097 2946 sepulcris

278 2964 457 3011 uestris
484 2962 696 3028 populus
723 2980 890 3011 meusx·
924 2958 972 3010 et
999 2961 1228 3008 inducam
1255 2977 1344 3007 uos
1371 2960 1418 3007 in
1446 2972 1628 3008 terram
1654 2962 1809 3011 sraela
1842 2977 1891 3013 et
1931 2967 2096 3015 scietis
2122 2988 2165 3020 30

279 3048 395 3111 quia
421 3066 518 3113 ego
543 3048 775 3096 dominus
801 3063 952 3111 quum
979 3044 1197 3093 exieritis
1223 3043 1286 3091 de
1305 3043 1542 3107 sepulcris
1564 3047 1770 3097 uestris<
1802 3060 1852 3096 et
1877 3050 2096 3099 eduxero

278 3149 368 3180 uos
394 3132 458 3180 de
484 3131 685 3180 tumulis
714 3132 890 3180 uestris
916 3128 1127 3194 populus
1154 3145 1293 3176 meus
1319 3140 1369 3176 et
1394 3129 1580 3177 dedero
1605 3130 1831 3193 spiritum
1861 3150 2023 3183 meum
2046 3135 2094 3184 in

380 3273 395 3297 9
408 3272 610 3291 suc-ecrescere
623 3274 638 3291 c
652 3265 682 3290 in
698 3274 757 3291 ras.
830 3273 860 3295 14
874 3261 1034 3289 iuncturam
1047 3270 1062 3288 c
1074 3261 1143 3287 add.
1158 3263 1220 3293 sup.
1236 3260 1290 3287 lin.
