2554 3658
1005 276 1165 310 INDEX
1204 276 1394 310 RERUM.

356 406 508 435 mense
541 392 762 435 decembri
801 392 1072 434 celebratum
1104 402 1117 432 1
1155 425 1162 432 .
1197 392 1199 421 ἕ

1126 403 1153 443 4
1197 436 1200 471 ¹
1238 457 1355 500 Petri
1384 456 1574 511 apostoli
1599 447 1794 499 Catedra
1819 466 1883 515 51..
1915 457 2031 497 Petri
2065 463 2108 497 et

358 472 435 515 391
462 475 498 503 a.

298 529 481 572 Martini
503 527 586 583 (S.)
608 528 806 582 episcopi
829 529 1017 570 sacratio
1037 539 1134 579 401.

298 596 510 639 Matutini
533 602 685 638 coetus
708 597 750 637 in
771 596 972 637 Ecclesia
986 595 1164 637 Toleta-

300 684 302 687 >
355 677 414 706 na
434 663 619 718 singulis
642 663 891 705 Dominicis
906 663 1165 718 Quadrage-

355 733 494 774 simae
525 732 583 773 66
605 745 644 774 n.
1064 732 1069 740 '

299 801 531 843 Mediante
552 800 625 842 die
646 799 771 842 festo.
795 801 864 842 Eo
888 800 1068 850 nomine
1090 813 1166 854 ap·

355 869 544 923 pellatur
595 869 726 910 tertia
775 869 1012 910 Dominica
1063 873 1166 910 ante

356 937 527 979 Pascha
555 949 647 989 104.

231 1001 236 1005 ’
297 1005 529 1047 Michaelis
561 1005 646 1060 (S.)
667 1005 911 1060 Arcangeli
934 1005 1003 1046 vel
1026 1005 1163 1046 socio-

353 1087 449 1116 rum
472 1074 567 1116 eius
587 1074 812 1116 dedicatio
837 1085 918 1128 392
941 1088 978 1116 a.

296 1142 630 1184 Mozarabicum
647 1142 824 1184 missale
840 1143 1047 1184 Baeticae
1065 1156 1165 1197 pro-

350 1211 522 1253 vinciae
545 1223 713 1252 morem
739 1211 869 1252 refert
891 1221 974 1253 V11.

294 1279 485 1321 Munnio
506 1279 646 1320 abbas
667 1288 717 1320 ΙΙ.

293 1347 516 1390 Nativitas
540 1347 725 1404 Domini
764 1358 824 1400 17.
849 1348 1164 1390 Annunciatur

352 1427 433 1470 392
457 1430 494 1458 a.
515 1426 602 1468 407
626 1429 664 1459 a.

291 1483 594 1538 Neapolitana
616 1483 948 1538 evangeliorum
966 1484 1163 1538 capitula

348 1552 436 1605 426
457 1565 518 1607 sq.
543 1566 580 1594 a.

294 1620 577 1662 Nubentibus
600 1621 710 1675 (De)
733 1620 945 1662 lectiones
969 1633 1064 1675 293.

293 1688 560 1732 Orationum
598 1689 707 1731 liber
741 1689 990 1732 Silensibus
1030 1691 1162 1733 datur

351 1766 399 1798 ΙΙ.
424 1756 582 1799 Oratio
604 1757 831 1800 dominica
853 1758 1029 1800 nonnisi
1061 1765 1162 1813 post

350 1825 624 1880 baptismum
648 1832 799 1868 oratur
813 1838 864 1878 41
879 1838 894 1867 1
922 1840 959 1868 a.

291 1892 513 1935 Ordinum
548 1893 657 1934 liber
680 1903 728 1935 11.
751 1907 776 1934 a
806 1893 1163 1936 Solesmensibus

349 1962 512 2002 nostris
534 1962 742 2014 pro-xime
765 1962 965 2003 edendus
990 1973 1061 2005 111.

293 2030 627 2071 Paenitentibus
669 2030 919 2084 specialiter
959 2037 1163 2086 aptatum
1195 2008 1197 2063 i

347 2096 628 2151 evangelium
647 2098 703 2138 de
721 2098 892 2140 Lazaro
913 2111 939 2140 a
953 2099 1077 2153 JESU
1093 2113 1163 2142 su·
1195 2071 1198 2128 l

350 2166 511 2207 scitato
534 2178 549 2207 1
563 2176 613 2218 17
629 2179 668 2208 n.
692 2167 771 2208 Pro
784 2167 943 2223 iisdem
962 2167 1165 2211 solebant

351 2233 504 2276 fideles
536 2248 692 2288 rog-are
727 2234 984 2288 pontificem
1023 2247 1097 2278 121
1125 2250 1164 2279 n.

295 2302 484 2344 Palmae.
510 2302 749 2343 Dominica
786 2302 828 2343 in
867 2303 1036 2345 Ramos
1068 2305 1163 2347 Pal·
1196 2336 1199 2359 ,

310 2422 314 2425 ⁴
354 2383 525 2412 marum
555 2382 646 2423 132.
675 2382 765 2424 134.

296 2438 603 2493 Parascephen
633 2449 722 2492 159.

295 2507 491 2550 Paschae
513 2506 668 2549 hilaria
692 2519 787 2550 202.
809 2520 893 2560 412
918 2523 955 2551 a.
976 2509 1164 2551 Pascha·
1197 2483 1199 2563 l

353 2575 404 2617 lis
459 2575 801 2630 neophytorum
843 2576 1076 2618 celebritas
1106 2591 1165 2619 ex
1197 2567 1199 2618 l

351 2644 534 2686 octiduo
556 2644 611 2686 ad
636 2645 832 2686 triduum
857 2645 1050 2699 septimo
1077 2646 1164 2688 iam
1198 2674 1199 2681 .

351 2712 528 2754 saeculo
559 2719 786 2755 coarctata
807 2725 891 2766 413
925 2727 961 2755 a.

294 2784 519 2825 Passionis
571 2784 837 2825 Dominicae
890 2785 1075 2826 historia
1107 2799 1166 2826 ex

350 2860 563 2909 quattuor
594 2854 833 2909 evangeliis
864 2854 1058 2897 conflata
1088 2865 1161 2909 151

353 2939 394 2968 n.
422 2926 513 2967 162.

298 2997 492 3039 Pastoris
513 2996 636 3051 (SS.)
658 3004 702 3040 et
726 2998 837 3039 Iusti
860 2998 955 3039 dies
978 2999 1075 3050 264.

359 3153 434 3185 mo
454 3151 538 3200 423
562 3154 598 3183 a.

2012 264 2102 320 461

1239 389 1523 430 Pentecostes
1546 389 1640 430 dies
1663 395 1842 429 sanctus
1866 398 1960 440 250.

1298 524 1421 566 Pauli
1445 524 1750 578 apostolorum
1789 524 1884 565 dies
1909 525 2005 565 260.
2039 525 2109 564 De

1296 593 1520 636 Cathedra
1565 593 1682 634 Petri
1726 605 1871 633 sermo
1915 590 2107 633 ineditus

1294 674 1381 716 409
1413 675 1449 703 a·
1821 668 1824 671 “

1239 731 1368 772 Petro
1417 729 1724 784 Ermengaudi
1773 739 1794 773 (<
1812 729 2024 783 episcopo
2055 729 2111 770 de

1295 799 1476 841 ciuitate
1511 798 1699 839 Nimaso
1724 807 1747 842 >
1784 796 1972 852 epistola
2003 810 2109 851 apo-

1296 866 1463 922 crypha
1506 880 1531 907 a
1575 866 1807 908 Salvatore
1851 865 1986 907 missa
2026 866 2113 916 406

1296 950 1333 978 a.
1355 947 1453 988 422.
1486 937 1490 940 ”

1239 1004 1512 1053 Positurae,i.
1530 1017 1563 1044 e.
1582 1003 1903 1044 sententiarum
1926 1001 2108 1043 distinc-

1295 1072 1464 1113 ctiones
1517 1071 1559 1111 in
1608 1070 1892 1112 Lectionario
1949 1068 2110 1111 Silensi

1295 1140 1531 1182 adhibitae
1547 1148 1652 1180 XIII.
1678 1151 1692 1180 1
1722 1153 1761 1181 n.

1241 1209 1453 1250 Primitiis
1474 1207 1584 1262 (De)
1605 1208 1817 1249 lectiones
1842 1218 1935 1260 295.

1238 1277 1453 1331 Prologus
1494 1276 1667 1330 hymno
1709 1277 1842 1317 trium
1873 1289 2110 1330 puerorum

1296 1345 1563 1399 praemissus
1589 1355 1683 1387 200.

1237 1413 1620 1468 Quad-ragesimae
1641 1413 1786 1454 officia
1807 1412 1899 1454 duo
1921 1412 2112 1454 domini-

1293 1481 1406 1524 calia
1420 1481 1878 1536 praemissatquorum
1894 1494 2031 1522 unum
2048 1482 2113 1522 di-

1292 1551 1405 1592 citur
1427 1560 1449 1595 <(
1464 1557 1568 1592 ante
1582 1563 1736 1592 carnes
1755 1549 1976 1592 tollendas
1993 1559 2035 1600 )),
2051 1549 2112 1591 al-

1293 1626 1435 1662 terum
1465 1629 1487 1664 <<
1502 1619 1559 1661 de
1581 1632 1736 1661 carnes
1758 1618 1982 1660 tollendas
1996 1627 2018 1662 »
2048 1630 2112 1672 53.

1302 1689 1366 1740 56.
1378 1687 1675 1742 Evangelium
1687 1685 2114 1740 Transfigurationis

1295 1755 1479 1797 Domini
1505 1756 1546 1796 in
1566 1755 1775 1797 omnibus
1798 1755 1888 1796 fere
1927 1755 2114 1809 liturgiis

1295 1824 1535 1878 incipiente
1571 1823 1929 1878 Quadragesima
1959 1825 2114 1864 recita-

1295 1902 1389 1934 tum
1417 1902 1471 1946 54
1487 1892 1916 1947 n Quadragesimae
1935 1899 2112 1946 tempus

1295 1963 1491 2002 secunda
1525 1960 1632 2002 seria
1655 1961 1913 2001 inchoatum
1941 1970 2006 2012 59.
2030 1960 2111 2001 Fe-

1295 2029 1385 2070 riae
1421 2030 1579 2071 tertiae
1611 2035 1655 2070 et
1697 2029 1881 2082 quintae
1913 2029 2109 2082 priorum

1295 2099 1428 2140 trium
1486 2098 1875 2140 hebdomadarum
1914 2086 2112 2151 aliturgi-

1295 2179 1372 2207 cae
1388 2166 1447 2207 60
1468 2179 1508 2207 n.
1529 2165 1730 2219 Reliquis
1752 2165 1910 2207 dicbus
1942 2166 1998 2206 ad
2034 2179 2112 2205 no-

1297 2248 1412 2285 nam,
1435 2235 1634 2276 sabbatis
1657 2234 1710 2275 ad
1736 2234 1914 2276 tertiam
1934 2233 2114 2288 liturgia

1296 2304 1522 2358 peragitur
1554 2303 1612 2354 64
1647 2317 1687 2345 n.
1712 2303 1924 2345 Matutini
1960 2309 2114 2344 coetus

1298 2371 1482 2426 singulis
1493 2372 1744 2428 Dominicis
1758 2372 1981 2414 habentur
2001 2371 2059 2413 66
2074 2385 2115 2413 n.

1300 2441 1645 2494 Evangeliorum
1661 2441 1771 2482 ordo
1788 2440 2111 2495 pulcherrimus

1299 2510 1341 2550 in
1365 2509 1521 2550 iisdem
1563 2509 1815 2551 Dominicis
1851 2520 1908 2562 74
1941 2523 1981 2551 n.
2005 2509 2114 2551 Lec-

1297 2578 1442 2618 tiones
1464 2577 1757 2619 dominicales
1780 2584 1884 2620 ante
1907 2584 2116 2626 statutae,

1299 2660 1431 2700 quam
1469 2646 1701 2687 missarum
1740 2646 1959 2688 ferialium
2004 2647 2115 2688 ordo

1299 2716 1607 2769 disponeretur
1630 2726 1682 2768 77
1710 2730 1749 2757 n.
1772 2727 1828 2768 97
1852 2730 1892 2758 n.
1912 2715 2115 2758 Ultimae

1298 2793 1386 2827 tres
1403 2785 1715 2827 hebdomadae
1743 2796 1765 2830 «
1780 2787 1836 2827 de
1868 2787 2115 2828 tradicione

1302 2856 1522 2900 Domini>
1548 2857 1832 2910 appellantur
1860 2868 1956 2909 109.

1244 2927 1382 2981 Regis
1405 2927 1630 2969 ordinatio
1655 2939 1748 2980 301.

1200 2997 1202 3016 ¹
1244 2997 1434 3039 Rufinae
1456 2997 1579 3052 (SS.)
1600 3005 1644 3040 et
1669 3000 1818 3041 Iustae
1840 2999 1936 3040 dies
1960 2999 2055 3041 262.

300 3069 440 3110 Pedes
463 3064 792 3124 neophytorum
832 3069 910 3111 loti
933 3070 977 3111 in
1001 3070 1167 3124 baptis·
1201 3100 1203 3126 ὲ

1245 3069 1493 3112 Sabbatum
1517 3069 1560 3110 in
1580 3068 1937 3124 Quadragesima
1968 3070 2113 3124 perin-

1301 3140 1357 3181 de
1390 3153 1440 3182 ac
1479 3139 1718 3183 Dominica
1755 3140 1960 3183 feriatum
1983 3143 2041 3193 64
2073 3155 2113 3182 n.
