2554 3658
531 344 622 388 342
1129 345 1194 376 DE
1231 343 1426 385 QUINTO
1465 342 1728 376 nommco.

520 469 640 504 sunt
659 474 686 503 a
703 458 893 505 danielo
909 458 1152 520 propheta
1167 469 1381 505 stantem
1400 457 1448 502 in
1466 457 1574 502 loco
1591 469 1762 502 sancto
1774 469 1790 498 s.
1806 456 1890 518 qui
1907 455 2028 520 legit
2046 457 2330 521 intellegat„

585 541 730 588 Tunc
771 541 853 604 qui
882 541 928 588 in
957 541 1100 588 iudea
1142 552 1256 588 sunt
1282 540 1472 604 fugient
1516 540 1563 585 in
1593 537 1874 586 montibus<
1927 551 1976 586 et
2002 539 2086 602 qui
2126 539 2175 587 in
2201 551 2333 588 tecto

522 641 620 671 non
648 625 918 672 descendet
946 624 1115 672 tollere
1141 623 1321 686 aliquid
1350 623 1411 671 de
1438 623 1589 670 dorno
1615 639 1734 677 sua„

590 708 658 754 Et
684 708 766 771 qui
794 709 840 754 in
869 722 1016 772 agro<
1044 724 1141 754 non
1171 719 1437 754 reuertetur
1462 706 1634 754 tollere
1660 705 1873 754 tunicam
1902 724 2073 757 suam,

474 800 490 834 5
591 790 671 837 Ue
698 802 863 838 autem
890 791 1248 853 pregnantibus
1275 829 1282 837 .
1314 803 1362 838 et
1390 790 1720 838 nutrientibus
1747 790 1794 837 in
1822 789 1914 837 illis
1940 791 2144 846 diebus„

588 873 743 921 Orate
769 886 963 921 autem(
997 885 1049 920 ut
1076 891 1172 920 non
1201 873 1284 920 fiat
1312 874 1428 938 fuga
1454 886 1620 921 uestra
1646 872 1808 921 hieme
1850 874 1926 922 uel
1954 874 2193 930 sabbato„

588 957 698 1004 Erit
718 957 847 1004 enim
870 968 985 1003 tunc
1012 956 1261 1004 tribulatio
1283 974 1463 1021 magna
1478 951 1492 980 ζ
1520 956 1676 1019 qualis
1695 973 1791 1004 non
1811 956 1899 1005 fuit
1915 957 1978 1004 ab
2001 957 2139 1005 initio
2160 958 2326 1005 mundi

518 1057 674 1102 usque
701 1040 848 1087 modo
889 1057 1049 1102 neque
1077 1039 1189 1091 fiet..
1242 1041 1306 1087 Et
1335 1041 1425 1087 nisi
1454 1040 1659 1087 brebiati
1702 1039 1908 1088 fuissent
1951 1041 2056 1088 dies
2083 1039 2177 1088 illic
2229 1058 2326 1089 non

519 1124 657 1172 fieret
685 1123 821 1171 salba
846 1124 1008 1171 omnis
1039 1141 1184 1178 caro,

452 1223 491 1246 10
588 1209 687 1257 Sed
715 1220 918 1272 propter
943 1207 1127 1256 electos
1155 1207 1510 1255 brebiabuntur
1536 1207 1643 1255 dies
1669 1207 1764 1260 illi..

586 1294 730 1340 Tunc
756 1292 794 1339 si
839 1292 947 1355 quis
985 1291 1128 1339 uobis
1169 1291 1348 1339 dixerit
1374 1308 1488 1339 ecce
1531 1290 1608 1337 hic
1651 1303 1725 1338 est
1753 1307 1844 1352 xps
1887 1301 1970 1336 aut
1997 1287 2120 1336 illie<
2173 1288 2324 1338 nolite

513 1377 746 1432 credere,
776 1373 796 1443 Η

582 1460 799 1523 Surgent
826 1459 957 1507 enirn
984 1459 1139 1506 seudo
1168 1458 1278 1521 xpi<
1313 1470 1360 1505 et
1386 1457 1544 1504 seudo
1571 1457 1814 1519 prophete
1840 1494 1848 1503 .
1880 1468 1928 1504 et
1969 1456 2158 1504 dabunt
2183 1456 2327 1521 signa

515 1559 694 1607 magna
719 1555 767 1590 et
811 1542 1036 1606 prodigia
1063 1542 1128 1589 ita
1156 1554 1206 1589 ut
1248 1542 1294 1588 in
1321 1558 1537 1592 errorem
1565 1541 1885 1588 inducantur(
1936 1541 1976 1588 si
2014 1541 2117 1589 fieri
2157 1552 2322 1605 potest

452 1639 488 1673 Ι5
513 1628 660 1675 etiam
688 1626 861 1682 electi,

584 1715 716 1763 Ecce
744 1715 934 1778 predixi
962 1714 1135 1770 uobis,

583 1804 636 1852 Si
663 1821 784 1868 ergo
810 1804 1026 1851 dixerint
1051 1804 1195 1851 uobis
1221 1821 1335 1852 ecce
1358 1805 1403 1851 in
1431 1806 1631 1853 deserto
1657 1817 1760 1853 esta
1795 1805 2138 1862 nolite.exire.‚

584 1894 718 1941 Ecce
744 1894 790 1940 in
819 1893 1208 1957 penetrabilibus
1234 1932 1243 1940 .
1275 1893 1426 1942 nolite
1452 1894 1685 1949 credere,

583 1985 722 2033 Sicut
748 1985 878 2032 enim
906 1984 1069 2048 fulgur
1094 1985 1214 2032 exiit
1240 1984 1302 2031 ab
1329 1984 1519 2031 oriente
1545 1995 1594 2031 et
1618 1987 1755 2046 ⁴paret
1783 2001 1938 2046 usque
1959 1984 2006 2030 in
2031 1982 2316 2031 occidente(
2344 1973 2346 1975 ¹

447 2088 489 2112 20
514 2069 580 2116 ita
605 2069 697 2116 erit
721 2069 965 2115 aduentus
991 2068 1075 2114 filii
1103 2068 1348 2122 hominis,

585 2157 900 2219 Ubicumque
926 2156 1072 2204 fuerit
1097 2171 1304 2218 corpusa
1339 2156 1432 2203 illic
1458 2157 1895 2221 congregabuntur
1921 2169 1970 2204 et
1997 2156 2189 2219 aquile„

581 2246 761 2294 Statim
788 2258 953 2293 autem
981 2258 1092 2308 post
1120 2245 1486 2292 tribulationem
1514 2245 1704 2293 dierum
1740 2245 1960 2293 illorum(
1994 2245 2066 2293 sol
2093 2247 2324 2294 obscura-

514 2329 670 2377 biturx·
705 2341 753 2376 et
780 2329 894 2376 luna
922 2346 1018 2376 non
1046 2329 1182 2375 dauit
1223 2329 1389 2376 lumen
1416 2346 1588 2377 suum<
1621 2341 1671 2376 et
1691 2328 1833 2376 stelle
1858 2329 2038 2376 cadent
2063 2328 2125 2377 de
2151 2328 2318 2377 caelo<

512 2426 561 2461 et
587 2413 799 2460 uirtutes
826 2411 1073 2460 caelorum
1107 2412 1584 2467 commobebuntur.,

446 2515 486 2548 25
583 2497 650 2543 Et
677 2508 791 2543 tunc
818 2497 1009 2559 pareuit
1036 2496 1233 2559 signum
1266 2496 1271 2559 Ι
1306 2500 1402 2555 446
1434 2494 1440 2559 Ι
1475 2495 1557 2542 filii
1585 2495 1798 2542 hominis
1826 2496 1873 2541 in
1899 2494 2067 2551 caelo.,

582 2581 649 2627 Et
693 2592 807 2627 tunc
848 2579 1086 2644 plangent
1128 2596 1301 2627 omnes
1345 2579 1500 2626 tribus
1544 2591 1730 2627 terraea
1780 2591 1830 2626 et
1880 2578 2121 2625 uidebunt
2170 2577 2322 2625 filium

512 2664 725 2711 hominis
753 2664 1036 2711 uenientem
1063 2664 1111 2710 in
1140 2663 1351 2710 nubibus
1379 2662 1499 2710 caeli
1523 2701 1531 2710 .
1555 2679 1666 2710 cum
1693 2663 1875 2710 uirtute
1902 2662 2055 2711 multa
2081 2675 2130 2711 et
2157 2680 2323 2728 mage-

511 2760 639 2795 state
665 2747 890 2802 excelsa,

581 2833 649 2879 Et
676 2818 837 2879 mittet
875 2830 1082 2895 angelos
1122 2849 1236 2879 suos
1276 2849 1386 2879 curn
1431 2831 1548 2879 tuba
1574 2843 1622 2878 et
1649 2848 1771 2878 uoce
1797 2845 2006 2894 magnac
2040 2843 2088 2879 et
2114 2847 2319 2894 congre-

446 2936 488 2969 30
510 2916 759 2979 gabuntur
785 2915 968 2962 electos
994 2915 1099 2962 eius
1124 2933 1153 2962 a
1178 2927 1410 2977 quattuor
1436 2915 1596 2962 uentis
1622 2932 1649 2961 a
1675 2915 1827 2962 sumis
1854 2914 2128 2963 caelorums.
2165 2931 2318 2978 usque

512 2999 573 3046 ad
602 2999 839 3046 terminos
865 3015 1065 3054 eorum„
1697 2981 1700 2986 .

580 3089 658 3136 AB
695 3103 896 3135 ARBORE
933 3104 1105 3136 AUTEM
1143 3102 1272 3135 F1c14
1305 3088 1478 3135 discite
1504 3087 1820 3149 parabolam,

613 3229 622 3245 ι
639 3218 751 3246 danielo
764 3228 780 3245 o
793 3219 861 3247 add.
877 3220 981 3245 seriori
993 3229 1083 3246 mann
1153 3231 1167 3253 4
1181 3225 1339 3246 reuertatur
1354 3227 1367 3244 l
1381 3227 1472 3245 manu
1545 3227 1574 3250 19
1588 3218 1662 3251 parit
1674 3227 1749 3245 corr.
1820 3228 1851 3251 24
1865 3218 1986 3246 uirtutes
2000 3223 2057 3245 rtut
2070 3226 2086 3244 2
2099 3226 2192 3244 manu
