2554 3658
495 342 554 387 42
566 343 588 374 2
1102 342 1355 375 HOMILIAE
1390 342 1704 375 TOLETANAE.

550 455 574 496 f.
601 466 677 507 231
707 462 867 494 FINIT
890 462 1002 495 DEo
1025 449 1269 494 GRATIAS
1291 463 1478 495 AMEN.

547 524 707 577 Incipit
727 524 901 578 epislola
922 524 1063 566 sancti
1096 525 1331 566 saluatoris
1350 539 1429 578 que
1449 523 1613 565 directa
1643 530 1706 564 est
1725 537 1752 564 a
1773 523 1944 565 domino
1964 531 2005 564 et
2041 524 2217 566 inuenta
2238 532 2302 566 est

490 602 619 648 snper
635 595 775 635 altare
809 594 952 635 sancti
971 594 1156 635 banduli
1175 595 1221 635 in
1243 594 1420 635 ciuitate
1442 594 1620 636 nz'maso.
1641 594 1785 634 Amen
1807 593 1898 634 dico
1930 593 2050 635 uobis
2071 594 2175 647 quia
2197 595 2303 636 misi

490 671 617 717 snper
627 663 833 717 populum
861 663 1007 704 brucos
1027 670 1067 704 et
1087 664 1271 718 locustas
1376 663 1498 704 [Vm-n
1522 663 1617 703 iuro
1637 676 1710 716 ego
1719 668 1872 715 petrus
1892 663 2104 716 episcopus
2123 663 2173 704 de
2193 663 2298 705 ciui-

490 740 578 774 tate
600 734 766 774 nz'maso
792 766 897 775 ......
922 739 963 773 et
983 732 1134 773 inueni
1148 733 1257 773 lzanc
1272 732 1505 785 epistolam.

547 864 606 903 Cf.
630 864 788 909 Baluze,
816 863 1067 912 Capitularia
1091 874 1219 910 recrum
1243 862 1494 908 Francorum,
1516 861 1591 900 vol.
1626 861 1681 909 ΙΙ,
1710 863 1784 900 col.
1826 862 1939 912 1396.
1964 862 2083 910 Paris,
2112 863 2223 912 1677.
2245 885 2298 891 —

493 917 721 965 Amadumi,
744 918 938 955 Anecdota
954 917 1164 955 li'tterarza.
1191 917 1359 962 Romae,
1387 926 1500 965 1773,
1521 916 1597 954 vol.
1622 916 1653 963 Ι,
1672 929 1705 966 p.
1726 917 1787 955 61.

552 1074 2238 1086 ·························

549 1170 573 1211 f.
593 1181 695 1222 232v
717 1169 828 1211 med.
856 1172 979 1207 ltem
1003 1187 1039 1204 μ
1061 1175 1225 1204 sermo
1241 1167 1304 1204 de
1323 1167 1449 1204 11110
1465 1166 1718 1210 dominico
1735 1167 1798 1205 de
1814 1168 2087 1207 aduentum
2105 1167 2298 1207 domini

491 1260 546 1276 ω
572 1238 819 1288 Karissimi,
834 1251 919 1291 xps
939 1238 1060 1278 uenit
1079 1235 1296 1277 medicina
1320 1234 1521 1276 caelestis
1548 1268 1653 1277 ......
1675 1235 1967 1278 iucundemur
1990 1237 2031 1278 in
2058 1237 2298 1278 misericor-

492 1310 565 1350 dia
588 1308 691 1350 eius.
715 1307 804 1362 Qui
827 1320 926 1348 cum
952 1312 1090 1359 patre,
1111 1309 1191 1345 etc.

550 1440 576 1481 f.
596 1448 674 1491 235
702 1440 874 1478 Sermo
895 1437 957 1476 de
979 1438 1115 1475 diem
1137 1436 1294 1473 sancti
1317 1436 1573 1484 Stephani.
1599 1435 1773 1490 Martyr
1797 1434 2040 1489 stephanus
2076 1433 2238 1496 beatusv
2255 1440 2299 1475 et

491 1509 658 1563 primus
683 1540 789 1549 ......
815 1508 858 1548 in
881 1513 1109 1548 aeternum
1135 1519 1313 1546 manere
1336 1518 1437 1546 cum
1462 1519 1554 1559 xpo
1576 1505 1771 1547 domino.
1799 1503 1887 1558 Qui
1909 1503 2032 1555 uiuit,
2055 1509 2136 1547 etc.

547 1639 605 1676 Ex
625 1650 739 1678 serm.
762 1635 974 1688 Augustini
1006 1646 1093 1686 317.
1119 1634 1279 1686 Legitur
1299 1634 1418 1674 etiarn
1434 1630 1479 1673 vin
1501 1634 1655 1675 Codice
1675 1632 1812 1674 Addit.
1841 1633 1985 1683 30844,
2007 1632 2073 1671 fol.
2097 1632 2160 1670 80.

550 1765 573 1807 f.
594 1774 695 1818 237V
719 1767 891 1805 Sermo
913 1765 963 1802 in
997 1766 1144 1811 caput
1169 1763 1301 1802 anni.
1329 1761 1562 1803 Kalendae
1596 1762 1718 1812 istae,
1742 1760 1894 1802 fratres
1929 1759 2164 1810 karissimi,
2185 1771 2294 1813 quas

492 1835 709 1891 ianuarias
757 1839 918 1874 uocant
974 1866 1078 1873 ......
1134 1845 1159 1873 a
1200 1831 1383 1872 domino
1426 1830 1622 1884 praemia
1673 1834 1973 1884 repensentur.
2022 1829 2104 1870 Per
2154 1827 2296 1870 dorni—

492 1919 610 1956 num,
632 1911 714 1947 etc.

545 2033 729 2083 Append.
752 2034 918 2082 August.
942 2043 1055 2070 serm.
1080 2045 1164 2081 129.

552 2171 629 2210 241
661 2161 786 2197 ltem
809 2159 935 2195 alius
951 2159 1012 2196 de
1034 2158 1321 2207 epyphania
1341 2158 1392 2194 in
1417 2157 1587 2203 uigilia
1607 2156 1862 2194 dicendus.
1888 2155 2109 2205 Proxime,
2146 2154 2300 2196 fratres

493 2228 717 2278 carissimi,
739 2227 991 2268 huiusmodi
1033 2227 1351 2280 redemptionis
1375 2233 1550 2267 nostrae
1578 2258 1682 2266 ......
1709 2239 1814 2267 suae
1846 2225 2100 2266 adobtionis
2123 2225 2298 2266 adsum-

495 2311 622 2338 mere
639 2297 771 2351 Quod
796 2298 889 2350 ipse
907 2302 1133 2350 praestare
1154 2297 1373 2350 dignetur,
1398 2302 1477 2337 etc.

547 2422 646 2461 Cod.
675 2421 833 2459 Durlac.
858 2432 971 2459 serm.
999 2431 1030 2468 7.
1056 2418 1259 2471 (Engelbr.
1282 2433 1318 2470 p.
1345 2418 1452 2471 247).

552 2548 578 2589 f,
603 2558 703 2599 244v
728 2549 854 2587 Item
891 2548 941 2584 in
964 2546 1245 2595 epyphania
1287 2549 1372 2583 aut
1395 2546 1456 2583 ad
1491 2547 1694 2584 missam
1715 2545 1777 2582 de
1809 2544 2024 2583 crastino
2055 2548 2104 2582 et
2138 2544 2302 2581 natale

498 2618 653 2655 sancti
678 2614 916 2667 Lucian(y
941 2629 987 2653 ex
1017 2614 1061 2664 e>
1083 2615 1331 2663 martyris.
1357 2614 1714 2656 Sollemnitatem
1744 2627 1857 2668 quae
1879 2614 1935 2654 de
1968 2612 2136 2654 domini
2161 2611 2297 2653 nostri

494 2686 726 2727 natiuitate
753 2717 858 2726 ......
880 2685 1122 2738 poterimus
1138 2684 1321 2725 feliciter
1342 2683 1582 2738 peruenire.
1602 2684 1861 2724 Praestante
1883 2682 2080 2731 domino,
2103 2687 2184 2722 etc.

548 2810 651 2848 Cod.
676 2810 831 2847 Durlac.
858 2822 971 2848 serm.
998 2811 1020 2847 8
1044 2808 1246 2859 (Engelbr.
1269 2821 1305 2858 p.
1332 2807 1436 2859 252).

552 2930 576 2970 f.
601 2939 682 2981 247
710 2931 835 2967 Item
857 2938 1020 2967 sermo
1055 2930 1212 2968 sancti
1241 2928 1388 2966 fausti
1424 2931 1475 2966 in
1496 2930 1660 2968 natale
1693 2928 1847 2965 sancti
1884 2927 2067 2964 luciani
2100 2926 2147 2963 in
2173 2933 2298 2974 epy-

494 2999 691 3046 phania.
719 2997 848 3050 Quod
875 2998 1000 3038 uobis
1022 2998 1286 3049 detexterna
1311 2997 1554 3039 festiuitate
1580 3030 1593 3045 ,μ
1600 3030 1684 3039 .....
1711 2997 1766 3039 ab
1789 2996 1864 3037 illo
1887 3001 2046 3038 cuncta
2068 3000 2296 3048 praestan-

493 3075 573 3109 tur.
597 3066 861 3107 Auxiliante
880 3067 1075 3116 domino,
1098 3073 1178 3108 etc.

552 3190 652 3228 Cod.
687 3189 844 3226 Duriae.
866 3200 976 3226 serm.
1004 3201 1025 3238 9
1057 3187 1258 3239 (Engelbr.
1292 3201 1327 3238 p.
1356 3187 1460 3240 255).
