2554 3658
678 353 733 387 IN
768 352 905 386 CENA
941 351 1130 385 DOMINI
1169 352 1236 384 AD
1274 351 1602 385 MATUTINUM.
1952 355 2041 400 143

225 469 541 518 sacerdotes<
574 479 628 516 ut
653 468 888 532 proderet
912 483 1025 515 eum
1053 466 1178 523 illis.,
1226 466 1328 529 Qui
1361 467 1650 515 audientess.
1691 466 1854 532 gabisi
1896 480 2041 524 sunt.,

229 554 298 602 Et
323 552 659 618 promiserunt
683 552 757 602 ei(
784 550 1046 616 pecuniam
1073 568 1128 600 se
1147 550 1383 608 daturos„
1407 551 1476 599 Et
1496 551 1766 615 querebat(
1791 551 2046 616 quomodo

226 639 360 688 illum
386 651 634 703 oportune
659 637 877 687 traderet
902 635 1005 693 eis„
1031 636 1101 685 Et
1127 652 1275 684 nemo
1301 635 1469 685 iniecit
1495 635 1543 684 in
1571 634 1704 684 illum
1732 652 1908 684 manus
1933 622 2048 700 quia

225 724 448 773 nondum
474 734 683 773 uenerat
706 739 794 771 ora
819 721 956 778 eius„

386 905 740 961 LEGENDUM
773 905 837 959 IN
871 903 1033 958 CENA
1067 903 1296 957 DOMINI
1327 903 1411 957 AD
1443 901 1878 965 MATUTINUM.,
2097 918 2115 953 5

309 1039 545 1079 LECTIO
579 1033 793 1078 LIBRI<
834 1036 977 1086 1013„
1011 1033 1171 1087 (XXIV
1205 1045 1333 1085 14-25,
1366 1036 1386 1074 I
1419 1033 1486 1088 22)
1519 1037 1647 1078 DEO
1679 1038 1961 1078 GRATIAS

297 1190 375 1239 IN
424 1190 707 1239 DIEBUS
756 1188 980 1238 ILLISc
1013 1188 1247 1254 loquutus
1273 1202 1350 1240 est
1377 1190 1459 1239 iob
1485 1191 1688 1250 dicens„
1725 1190 1732 1258 1
1766 1209 1863 1242 220
1893 1192 1902 1259 l

247 1329 249 1331 ,
296 1277 452 1325 Mane
478 1276 640 1340 primo
664 1274 923 1340 consurgit
947 1275 1191 1324 omicida(
1224 1275 1286 1324 ad
1313 1275 1711 1326 interficiendum
1745 1295 1963 1343 egenum
2000 1289 2050 1327 et

224 1377 511 1425 pauperem.

297 1445 393 1494 Per
418 1456 617 1494 noctem
643 1447 764 1493 uero
791 1483 800 1493 .
831 1444 969 1493 uenit
993 1445 1135 1509 quasi
1162 1444 1267 1502 fur.‚
2079 1472 2118 1496 10

294 1529 485 1580 Oculus
511 1529 751 1578 adulteri<
784 1529 1021 1578 obserbat
1045 1529 1310 1595 caliginem
1337 1530 1539 1590 dicens,
1581 1532 1702 1581 Non
1740 1549 1821 1582 me
1862 1532 2051 1583 uideuit

228 1615 400 1664 oculus
425 1626 569 1663 tuusa
602 1626 652 1664 et
677 1614 870 1679 operiet
896 1613 1086 1663 uultum
1112 1632 1287 1671 suum,
1366 1677 1375 1686 ·

299 1699 522 1749 Perfodit
548 1700 596 1748 in
624 1699 844 1748 tenebris
870 1699 1078 1748 domos<
1118 1699 1246 1748 sicut
1279 1699 1328 1748 in
1359 1699 1440 1750 die
1476 1701 1805 1750 condixerant
1835 1701 1958 1750 sibi<
2000 1714 2051 1751 et

231 1785 591 1852 ignoraberunt
616 1784 808 1841 lucem.‚

293 1871 350 1919 Si
374 1871 542 1920 subito
566 1870 852 1934 apparuerit
876 1883 1082 1918 auroraa
1115 1869 1380 1919 arbitratur
1407 1871 1580 1920 umbra
1606 1872 1811 1930 mortis„
2081 1896 2118 1930 15

297 1956 366 2004 Et
401 1956 470 2004 sic
508 1956 557 2004 in
592 1954 812 2004 tenebris
841 1953 1066 2018 quasiin
1103 1952 1262 2009 lucem
1299 1954 1584 2005 ambulanta
1628 1955 1753 2006 lebis
1791 1968 1867 2006 est
1903 1975 2053 2022 super

227 2040 404 2089 faciem
430 2058 591 2105 aque„
624 2038 899 2088 Maledicta
924 2038 987 2087 sit
1013 2055 1128 2102 pars
1153 2038 1260 2088 eius
1286 2039 1336 2088 in
1376 2052 1536 2090 terrac
1570 2059 1661 2090 nec
1703 2042 1927 2092 ambulet
1963 2061 2054 2108 per

226 2125 357 2174 uiam
381 2126 673 2182 uinearum„

293 2210 378 2259 Ad
405 2210 612 2258 nimium
655 2208 871 2258 calorem
915 2220 1137 2258 transeat
1175 2209 1239 2257 ab
1277 2210 1419 2274 aquis
1456 2210 1676 2259 nibiumc
1711 2223 1760 2260 et
1797 2230 1955 2278 usque
1989 2215 2051 2263 ad

227 2295 412 2344 inferos
433 2295 698 2360 'peccatum
724 2293 883 2350 illius„
913 2293 1257 2342 Obliuiscatur
1292 2294 1398 2343 eius
1437 2295 1777 2346 misericordia
1803 2336 1812 2346 .
1841 2297 2054 2348 dulcedo
2079 2322 2121 2345 20

227 2380 354 2429 illius
387 2380 604 2437 uermis.,
654 2381 774 2428 Non
817 2379 881 2428 sit
924 2379 972 2426 in
1012 2378 1385 2428 recordatione(
1430 2380 1520 2429 sed
1562 2393 1847 2430 conteratur
1870 2380 1889 2450 ΙΙ
1912 2385 2053 2448 quasi

227 2466 418 2532 lignum
445 2466 838 2521 infructuosum,

301 2550 446 2599 Pabit
489 2551 621 2599 enim
664 2548 885 2598 sterilem
930 2560 979 2597 et
1023 2566 1120 2612 que
1161 2565 1260 2597 non
1302 2549 1460 2613 parit<
1505 2561 1556 2599 et
1598 2551 1749 2600 bidue
1790 2570 1918 2601 uene
1953 2571 2052 2602 non

232 2635 377 2692 fecit„
423 2635 660 2684 Detraxit
686 2634 841 2683 fortes
884 2633 934 2681 in
974 2633 1264 2682 fortitudine
1306 2645 1424 2682 sua<
1474 2647 1524 2684 et
1567 2653 1678 2684 curn
1718 2638 1913 2686 steterit
1953 2656 2052 2687 non
2106 2674 2112 2681 .

231 2720 388 2769 credit
413 2720 514 2769 uite
539 2737 690 2777 suae„
718 2718 875 2768 Dedit
901 2718 945 2767 ei
971 2718 1095 2767 deus
1115 2716 1276 2766 locum
1299 2719 1633 2782 penitentiaes.
1661 2731 1711 2769 et
1731 2719 1811 2770 ille
1835 2722 2055 2772 abutitur
2078 2744 2118 2777 25

230 2821 344 2852 eum
371 2804 420 2852 in
446 2803 709 2868 superuia.‚

330 2948 345 2973 5
357 2939 407 2970 ad]
421 2938 482 2966 MT
552 2948 584 2972 13
596 2937 779 2966 considerant
791 2946 865 2964 carr.
881 2936 989 2963 seriori
998 2945 1091 2963 manu

270 3047 302 3072 2.
339 3040 496 3082 quomodo
529 3040 630 3073 illum
659 3044 819 3083 oportune
853 3038 999 3070 traderet
1031 3037 1107 3078 eis.]
1177 3043 1195 3070 (
1212 3047 1303 3070 num.
1316 3044 1334 3070 >
1347 3038 1396 3078 (S.
1407 3034 1538 3071 Silviae
1552 3040 1793 3082 Peregrinatio,
1810 3051 1829 3075 2
1842 3043 1921 3076 edit.
1938 3055 1971 3086 p.
1982 3045 2050 3085 61).

228 3102 246 3127 α
263 3095 390 3136 Quarta
405 3095 528 3128 feria...
548 3096 720 3138 presbyter
737 3100 815 3127 ante
827 3094 1013 3127 cancellum
1026 3099 1104 3133 stat,
1219 3099 1250 3132 3.
1277 3091 1327 3123 Et
1347 3102 1440 3124 nemo
1464 3111 1507 3116 —
1530 3094 1680 3126 nondum
1712 3102 1851 3128 venerat
1873 3106 1931 3129 ora
1953 3101 2051 3140 ems.]

228 3155 246 3181 ((
263 3154 295 3181 et
327 3149 449 3191 accipit
483 3151 707 3192 evangelium,
742 3155 774 3182 et
806 3149 886 3191 legit
928 3148 1024 3180 illum
1058 3148 1106 3179 lo-
1176 3145 1216 3177 In
1232 3146 1350 3178 eadem
1366 3147 1468 3179 verba
1479 3148 1547 3180 exit
1565 3150 1778 3191 evangelium
1797 3151 1996 3185 Dominicae
2009 3155 2051 3186 de

227 3209 246 3235 (
262 3214 351 3242 cum,
368 3203 425 3236 ubi
446 3204 552 3246 Judas
580 3204 773 3237 Scariothes
799 3203 884 3235 hivit
908 3202 951 3234 ad
965 3202 1102 3243 Judeos,
1175 3201 1302 3233 Lazaro
1317 3202 1360 3233 ad
1378 3202 1591 3243 matutinum,
1611 3203 1758 3247 itemque
1774 3205 1875 3239 feriae
1885 3209 2052 3240 secundae

228 3266 246 3291 «
263 3258 414 3291 definivit
441 3258 523 3301 quid
544 3259 573 3291 ei
599 3259 730 3297 darent,
759 3263 794 3290 ut
819 3257 965 3290 traderet
986 3255 1105 3288 Domi·
1174 3261 1207 3288 et
1223 3256 1355 3289 sabbati
1368 3257 1612 3300 subsequentis.
