<?xml version="1.0" encoding="UTF-8"?>
<!DOCTYPE html PUBLIC "-//W3C//DTD XHTML 1.0 Transitional//EN"
    "http://www.w3.org/TR/xhtml1/DTD/xhtml1-transitional.dtd">
<html xmlns="http://www.w3.org/1999/xhtml" xml:lang="en" lang="en">
 <head>
  <title>
</title>
<meta http-equiv="Content-Type" content="text/html;charset=utf-8" />
  <meta name='ocr-system' content='tesseract 3.04.00' />
  <meta name='ocr-capabilities' content='ocr_page ocr_carea ocr_par ocr_line ocrx_word'/>
</head>
<body>
  <div class='ocr_page' id='page_1' title='image "./libercomicussive00moriuoft/libercomicussive00moriuoft_0473.png"; bbox 0 0 2554 3658; ppageno 0'>
   <div class='ocr_carea' id='block_1_1' title="bbox 629 331 1617 383">
    <p class='ocr_par' dir='ltr' id='par_1_1' title="bbox 629 331 1617 383">
     <span class='ocr_line' id='line_1_1' title="bbox 629 331 1617 383; baseline 0 -2"><span class='ocrx_word' id='word_1_1' title='bbox 629 331 907 383; x_wconf 80' lang='lat' dir='ltr'>LECTIONES</span> <span class='ocrx_word' id='word_1_2' title='bbox 945 349 1008 382; x_wconf 85' lang='lat' dir='ltr'>EX</span> <span class='ocrx_word' id='word_1_3' title='bbox 1046 347 1301 381; x_wconf 82' lang='lat' dir='ltr'>APOSTOLO</span> <span class='ocrx_word' id='word_1_4' title='bbox 1338 348 1617 382; x_wconf 79' lang='lat' dir='ltr'>CAPUANAE.</span> 
     </span>
    </p>
   </div>
   <div class='ocr_carea' id='block_1_2' title="bbox 206 471 1010 579">
    <p class='ocr_par' dir='ltr' id='par_1_2' title="bbox 206 471 1010 579">
     <span class='ocr_line' id='line_1_2' title="bbox 206 471 1010 514; baseline 0.002 -10"><span class='ocrx_word' id='word_1_5' title='bbox 206 472 260 504; x_wconf 93' lang='lat' dir='ltr'><strong>IN</strong></span> <span class='ocrx_word' id='word_1_6' title='bbox 285 471 683 514; x_wconf 83' lang='lat' dir='ltr'>QUADRAGESIMA</span> <span class='ocrx_word' id='word_1_7' title='bbox 705 472 906 507; x_wconf 81' lang='lat' dir='ltr'>IEIUNIO</span> <span class='ocrx_word' id='word_1_8' title='bbox 927 473 1010 506; x_wconf 90' lang='lat' dir='ltr'>VII.</span> 
     </span>
     <span class='ocr_line' id='line_1_3' title="bbox 262 531 1005 579; baseline 0.003 -6"><span class='ocrx_word' id='word_1_9' title='bbox 262 532 318 573; x_wconf 89' lang='lat' dir='ltr'><strong>ad</strong></span> <span class='ocrx_word' id='word_1_10' title='bbox 354 531 550 579; x_wconf 76' lang='lat' dir='ltr'><strong>thessali.</strong></span> <span class='ocrx_word' id='word_1_11' title='bbox 575 541 590 573; x_wconf 95' lang='lat'>1</span> <span class='ocrx_word' id='word_1_12' title='bbox 612 531 696 575; x_wconf 91' lang='lat' dir='ltr'><strong>sub</strong></span> <span class='ocrx_word' id='word_1_13' title='bbox 731 532 862 578; x_wconf 76' lang='lat' dir='ltr'><strong>titulo</strong></span> <span class='ocrx_word' id='word_1_14' title='bbox 900 542 1005 575; x_wconf 92' lang='lat' dir='ltr'>XIII.</span> 
     </span>
    </p>
   </div>
   <div class='ocr_carea' id='block_1_3' title="bbox 204 785 1007 890">
    <p class='ocr_par' dir='ltr' id='par_1_3' title="bbox 204 785 1007 890">
     <span class='ocr_line' id='line_1_4' title="bbox 204 785 1007 827; baseline 0.001 -10"><span class='ocrx_word' id='word_1_15' title='bbox 204 785 258 819; x_wconf 90' lang='lat' dir='ltr'><strong>IN</strong></span> <span class='ocrx_word' id='word_1_16' title='bbox 278 785 675 827; x_wconf 83' lang='lat' dir='ltr'>QUADRAGESIMA</span> <span class='ocrx_word' id='word_1_17' title='bbox 690 786 890 820; x_wconf 85' lang='lat' dir='ltr'>IEIUNIO</span> <span class='ocrx_word' id='word_1_18' title='bbox 905 786 1007 819; x_wconf 89' lang='lat' dir='ltr'>VIII.</span> 
     </span>
     <span class='ocr_line' id='line_1_5' title="bbox 259 844 946 890; baseline 0.004 -4"><span class='ocrx_word' id='word_1_19' title='bbox 259 844 316 886; x_wconf 91' lang='lat' dir='ltr'><strong>ad</strong></span> <span class='ocrx_word' id='word_1_20' title='bbox 339 844 535 888; x_wconf 82' lang='lat' dir='ltr'><strong>thessali.</strong></span> <span class='ocrx_word' id='word_1_21' title='bbox 557 854 594 887; x_wconf 97' lang='lat' dir='ltr'><strong>II</strong></span> <span class='ocrx_word' id='word_1_22' title='bbox 617 846 700 887; x_wconf 91' lang='lat' dir='ltr'><strong>sub</strong></span> <span class='ocrx_word' id='word_1_23' title='bbox 727 846 858 888; x_wconf 90' lang='lat' dir='ltr'><strong>titulo</strong></span> <span class='ocrx_word' id='word_1_24' title='bbox 880 855 946 890; x_wconf 89' lang='lat' dir='ltr'><strong>VI.</strong></span> 
     </span>
    </p>
   </div>
   <div class='ocr_carea' id='block_1_4' title="bbox 205 1099 1009 1205">
    <p class='ocr_par' dir='ltr' id='par_1_4' title="bbox 205 1099 1009 1205">
     <span class='ocr_line' id='line_1_6' title="bbox 205 1099 1009 1147; baseline 0.005 -16"><span class='ocrx_word' id='word_1_25' title='bbox 205 1099 260 1147; x_wconf 86' lang='lat' dir='ltr'><strong>IN</strong></span> <span class='ocrx_word' id='word_1_26' title='bbox 280 1100 676 1142; x_wconf 81' lang='lat' dir='ltr'>QUADRAGESIMA</span> <span class='ocrx_word' id='word_1_27' title='bbox 693 1102 962 1135; x_wconf 88' lang='lat' dir='ltr'>DOMINICA.</span> <span class='ocrx_word' id='word_1_28' title='bbox 978 1103 1009 1134; x_wconf 96' lang='lat' dir='ltr'>V</span> 
     </span>
     <span class='ocr_line' id='line_1_7' title="bbox 264 1160 942 1205; baseline 0.006 -4"><span class='ocrx_word' id='word_1_29' title='bbox 264 1160 320 1202; x_wconf 91' lang='lat' dir='ltr'><strong>ad</strong></span> <span class='ocrx_word' id='word_1_30' title='bbox 343 1160 617 1203; x_wconf 86' lang='lat' dir='ltr'><strong>colossenses</strong></span> <span class='ocrx_word' id='word_1_31' title='bbox 639 1162 721 1204; x_wconf 93' lang='lat' dir='ltr'><strong>sub</strong></span> <span class='ocrx_word' id='word_1_32' title='bbox 748 1162 879 1205; x_wconf 92' lang='lat' dir='ltr'><strong>titulo</strong></span> <span class='ocrx_word' id='word_1_33' title='bbox 902 1172 942 1205; x_wconf 89' lang='lat' dir='ltr'><strong>V.</strong></span> 
     </span>
    </p>
   </div>
   <div class='ocr_carea' id='block_1_5' title="bbox 208 1414 1010 1518">
    <p class='ocr_par' dir='ltr' id='par_1_5' title="bbox 208 1414 1010 1518">
     <span class='ocr_line' id='line_1_8' title="bbox 208 1414 1010 1456; baseline 0.005 -9"><span class='ocrx_word' id='word_1_34' title='bbox 208 1414 262 1447; x_wconf 89' lang='lat' dir='ltr'><strong>IN</strong></span> <span class='ocrx_word' id='word_1_35' title='bbox 341 1415 736 1456; x_wconf 84' lang='lat' dir='ltr'>QUADRAGESIMA</span> <span class='ocrx_word' id='word_1_36' title='bbox 810 1418 1010 1451; x_wconf 89' lang='lat' dir='ltr'>IEIUNIO</span> 
     </span>
     <span class='ocr_line' id='line_1_9' title="bbox 266 1484 390 1518; baseline 0.008 -2"><span class='ocrx_word' id='word_1_37' title='bbox 266 1484 390 1518; x_wconf 89' lang='lat' dir='ltr'>VIIII.</span> 
     </span>
    </p>
   </div>
   <div class='ocr_carea' id='block_1_6' title="bbox 267 1545 875 1599">
    <p class='ocr_par' dir='ltr' id='par_1_6' title="bbox 267 1545 875 1599">
     <span class='ocr_line' id='line_1_10' title="bbox 267 1545 875 1599; baseline 0.005 -12"><span class='ocrx_word' id='word_1_38' title='bbox 267 1545 324 1587; x_wconf 86' lang='lat' dir='ltr'><strong>ad</strong></span> <span class='ocrx_word' id='word_1_39' title='bbox 347 1558 556 1588; x_wconf 88' lang='lat' dir='ltr'><strong>romanos</strong></span> <span class='ocrx_word' id='word_1_40' title='bbox 578 1546 661 1588; x_wconf 92' lang='lat' dir='ltr'><strong>sub</strong></span> <span class='ocrx_word' id='word_1_41' title='bbox 675 1547 814 1599; x_wconf 42' lang='lat' dir='ltr'><strong>‚titulo</strong></span> <span class='ocrx_word' id='word_1_42' title='bbox 836 1557 875 1589; x_wconf 91' lang='lat' dir='ltr'><strong>L.</strong></span> 
     </span>
    </p>
   </div>
   <div class='ocr_carea' id='block_1_7' title="bbox 211 1806 1010 1924">
    <p class='ocr_par' dir='ltr' id='par_1_7' title="bbox 211 1806 1010 1924">
     <span class='ocr_line' id='line_1_11' title="bbox 211 1806 974 1848; baseline 0.003 -9"><span class='ocrx_word' id='word_1_43' title='bbox 211 1807 274 1841; x_wconf 84' lang='lat' dir='ltr'><strong>IN.</strong></span> <span class='ocrx_word' id='word_1_44' title='bbox 288 1806 684 1848; x_wconf 81' lang='lat' dir='ltr'>QUADRAGESIMA</span> <span class='ocrx_word' id='word_1_45' title='bbox 706 1807 907 1841; x_wconf 81' lang='lat' dir='ltr'>IEIUNIO</span> <span class='ocrx_word' id='word_1_46' title='bbox 928 1809 974 1842; x_wconf 88' lang='lat' dir='ltr'><strong>X.</strong></span> 
     </span>
     <span class='ocr_line' id='line_1_12' title="bbox 256 1866 1010 1924; baseline 0.004 -16"><span class='ocrx_word' id='word_1_47' title='bbox 256 1867 324 1924; x_wconf 24' lang='lat' dir='ltr'><strong>,ad</strong></span> <span class='ocrx_word' id='word_1_48' title='bbox 343 1866 596 1910; x_wconf 82' lang='lat' dir='ltr'><strong>corintheos</strong></span> <span class='ocrx_word' id='word_1_49' title='bbox 620 1877 655 1908; x_wconf 94' lang='lat' dir='ltr'><strong>II</strong></span> <span class='ocrx_word' id='word_1_50' title='bbox 678 1867 762 1910; x_wconf 93' lang='lat' dir='ltr'><strong>sub</strong></span> <span class='ocrx_word' id='word_1_51' title='bbox 784 1868 916 1911; x_wconf 91' lang='lat' dir='ltr'><strong>titulo</strong></span> <span class='ocrx_word' id='word_1_52' title='bbox 929 1878 1010 1911; x_wconf 91' lang='lat' dir='ltr'>VII.</span> 
     </span>
    </p>
   </div>
   <div class='ocr_carea' id='block_1_8' title="bbox 211 2059 1017 2234">
    <p class='ocr_par' dir='ltr' id='par_1_8' title="bbox 211 2059 1017 2234">
     <span class='ocr_line' id='line_1_13' title="bbox 211 2059 1017 2094; baseline 0.002 -2"><span class='ocrx_word' id='word_1_53' title='bbox 211 2060 464 2093; x_wconf 89' lang='lat' dir='ltr'>DOMINICA</span> <span class='ocrx_word' id='word_1_54' title='bbox 477 2060 615 2092; x_wconf 84' lang='lat' dir='ltr'><strong>ANTE</strong></span> <span class='ocrx_word' id='word_1_55' title='bbox 635 2059 764 2093; x_wconf 89' lang='lat' dir='ltr'>OCTO</span> <span class='ocrx_word' id='word_1_56' title='bbox 786 2060 898 2094; x_wconf 87' lang='lat' dir='ltr'>DIES</span> <span class='ocrx_word' id='word_1_57' title='bbox 913 2061 1017 2094; x_wconf 94' lang='lat' dir='ltr'>PAS-</span> 
     </span>
     <span class='ocr_line' id='line_1_14' title="bbox 271 2129 407 2163; baseline -0.015 0"><span class='ocrx_word' id='word_1_58' title='bbox 271 2129 407 2163; x_wconf 89' lang='lat' dir='ltr'>CHAE</span> 
     </span>
     <span class='ocr_line' id='line_1_15' title="bbox 271 2189 987 2234; baseline 0.003 -3"><span class='ocrx_word' id='word_1_59' title='bbox 271 2190 328 2231; x_wconf 86' lang='lat' dir='ltr'><strong>ad</strong></span> <span class='ocrx_word' id='word_1_60' title='bbox 351 2189 605 2231; x_wconf 84' lang='lat' dir='ltr'><strong>corintheos</strong></span> <span class='ocrx_word' id='word_1_61' title='bbox 629 2199 665 2230; x_wconf 93' lang='lat' dir='ltr'><strong>II</strong></span> <span class='ocrx_word' id='word_1_62' title='bbox 689 2190 771 2232; x_wconf 94' lang='lat' dir='ltr'><strong>sub</strong></span> <span class='ocrx_word' id='word_1_63' title='bbox 793 2191 924 2233; x_wconf 90' lang='lat' dir='ltr'><strong>titulo</strong></span> <span class='ocrx_word' id='word_1_64' title='bbox 945 2201 987 2234; x_wconf 90' lang='lat' dir='ltr'><strong>V.</strong></span> 
     </span>
    </p>
   </div>
   <div class='ocr_carea' id='block_1_9' title="bbox 216 2587 1018 2692">
    <p class='ocr_par' dir='ltr' id='par_1_9' title="bbox 216 2587 1018 2692">
     <span class='ocr_line' id='line_1_16' title="bbox 216 2587 717 2622; baseline -0.006 0"><span class='ocrx_word' id='word_1_65' title='bbox 216 2590 269 2622; x_wconf 97' lang='lat' dir='ltr'><strong>IN</strong></span> <span class='ocrx_word' id='word_1_66' title='bbox 294 2588 501 2622; x_wconf 82' lang='lat' dir='ltr'>EBDOMA</span> <span class='ocrx_word' id='word_1_67' title='bbox 524 2587 717 2620; x_wconf 85' lang='lat' dir='ltr'>MAIORE</span> 
     </span>
     <span class='ocr_line' id='line_1_17' title="bbox 275 2646 1018 2692; baseline -0.007 0"><span class='ocrx_word' id='word_1_68' title='bbox 275 2649 331 2692; x_wconf 90' lang='lat' dir='ltr'><strong>ad</strong></span> <span class='ocrx_word' id='word_1_69' title='bbox 347 2648 601 2691; x_wconf 85' lang='lat' dir='ltr'><strong>corintheos</strong></span> <span class='ocrx_word' id='word_1_70' title='bbox 620 2657 655 2689; x_wconf 93' lang='lat'><strong>11</strong></span> <span class='ocrx_word' id='word_1_71' title='bbox 673 2647 756 2689; x_wconf 92' lang='lat' dir='ltr'><strong>sub</strong></span> <span class='ocrx_word' id='word_1_72' title='bbox 771 2646 901 2688; x_wconf 91' lang='lat' dir='ltr'><strong>titulo</strong></span> <span class='ocrx_word' id='word_1_73' title='bbox 909 2656 1018 2688; x_wconf 86' lang='lat' dir='ltr'>XXV.</span> 
     </span>
    </p>
   </div>
   <div class='ocr_carea' id='block_1_10' title="bbox 214 2897 1064 2934">
    <p class='ocr_par' dir='ltr' id='par_1_10' title="bbox 214 2897 1064 2934">
     <span class='ocr_line' id='line_1_18' title="bbox 214 2897 1064 2934; baseline -0.002 0"><span class='ocrx_word' id='word_1_74' title='bbox 214 2901 269 2933; x_wconf 88' lang='lat' dir='ltr'>IN</span> <span class='ocrx_word' id='word_1_75' title='bbox 315 2900 546 2934; x_wconf 89' lang='lat' dir='ltr'><strong>SECUNDA</strong></span> <span class='ocrx_word' id='word_1_76' title='bbox 589 2900 737 2933; x_wconf 87' lang='lat' dir='ltr'>FERIA</span> <span class='ocrx_word' id='word_1_77' title='bbox 770 2901 907 2933; x_wconf 88' lang='lat' dir='ltr'>ANTE</span> <span class='ocrx_word' id='word_1_78' title='bbox 939 2900 1016 2932; x_wconf 78' lang='grc' dir='ltr'><strong>ΡΑ·</strong></span> <span class='ocrx_word' id='word_1_79' title='bbox 1060 2897 1064 2899; x_wconf 61' lang='grc'><strong>’</strong></span> 
     </span>
    </p>
   </div>
   <div class='ocr_carea' id='block_1_11' title="bbox 273 2969 888 3085">
    <p class='ocr_par' dir='ltr' id='par_1_11' title="bbox 273 2969 888 3085">
     <span class='ocr_line' id='line_1_19' title="bbox 274 2969 845 3004; baseline -0.004 0"><span class='ocrx_word' id='word_1_80' title='bbox 274 2970 400 3004; x_wconf 90' lang='lat' dir='ltr'>SCHA</span> <span class='ocrx_word' id='word_1_81' title='bbox 423 2969 629 3004; x_wconf 86' lang='lat' dir='ltr'>EBDOMA</span> <span class='ocrx_word' id='word_1_82' title='bbox 651 2970 845 3003; x_wconf 91' lang='lat' dir='ltr'>MAIORE</span> 
     </span>
     <span class='ocr_line' id='line_1_20' title="bbox 273 3029 888 3085; baseline 0.002 -14"><span class='ocrx_word' id='word_1_83' title='bbox 273 3030 329 3072; x_wconf 85' lang='lat' dir='ltr'><strong>ad</strong></span> <span class='ocrx_word' id='word_1_84' title='bbox 353 3029 526 3085; x_wconf 84' lang='lat' dir='ltr'><strong>galatas</strong></span> <span class='ocrx_word' id='word_1_85' title='bbox 548 3030 631 3072; x_wconf 89' lang='lat' dir='ltr'><strong>sub</strong></span> <span class='ocrx_word' id='word_1_86' title='bbox 653 3031 784 3072; x_wconf 90' lang='lat' dir='ltr'><strong>titulo</strong></span> <span class='ocrx_word' id='word_1_87' title='bbox 806 3039 888 3073; x_wconf 88' lang='lat' dir='ltr'>VII.</span> 
     </span>
    </p>
   </div>
   <div class='ocr_carea' id='block_1_12' title="bbox 217 3214 1021 3251">
    <p class='ocr_par' dir='ltr' id='par_1_12' title="bbox 217 3214 1021 3251">
     <span class='ocr_line' id='line_1_21' title="bbox 217 3214 1021 3251; baseline 0.004 -4"><span class='ocrx_word' id='word_1_88' title='bbox 217 3214 271 3248; x_wconf 92' lang='lat' dir='ltr'><strong>IN</strong></span> <span class='ocrx_word' id='word_1_89' title='bbox 295 3215 482 3249; x_wconf 88' lang='lat' dir='ltr'>TERTIA</span> <span class='ocrx_word' id='word_1_90' title='bbox 503 3217 652 3250; x_wconf 82' lang='lat' dir='ltr'>FERIA</span> <span class='ocrx_word' id='word_1_91' title='bbox 674 3217 810 3250; x_wconf 91' lang='lat' dir='ltr'>ANTE</span> <span class='ocrx_word' id='word_1_92' title='bbox 832 3217 1021 3251; x_wconf 88' lang='lat' dir='ltr'>PASCHA</span> 
     </span>
    </p>
   </div>
   <div class='ocr_carea' id='block_1_13' title="bbox 271 3304 522 3331">
    <p class='ocr_par' dir='ltr' id='par_1_13' title="bbox 271 3304 522 3331">
     <span class='ocr_line' id='line_1_22' title="bbox 271 3304 522 3331; baseline 0.008 -4"><span class='ocrx_word' id='word_1_93' title='bbox 271 3304 522 3331; x_wconf 46' lang='lat' dir='ltr'><strong>AneedotaMareds-</strong></span> 
     </span>
    </p>
   </div>
   <div class='ocr_carea' id='block_1_14' title="bbox 1916 351 2008 396">
    <p class='ocr_par' dir='ltr' id='par_1_14' title="bbox 1916 351 2008 396">
     <span class='ocr_line' id='line_1_23' title="bbox 1916 351 2008 396; baseline 0.022 -1"><span class='ocrx_word' id='word_1_94' title='bbox 1916 351 2008 396; x_wconf 87' lang='lat'><strong>441</strong></span> 
     </span>
    </p>
   </div>
   <div class='ocr_carea' id='block_1_15' title="bbox 1095 463 2017 587">
    <p class='ocr_par' dir='ltr' id='par_1_15' title="bbox 1095 463 2017 587">
     <span class='ocr_line' id='line_1_24' title="bbox 1160 463 2016 512; baseline 0.002 -11"><span class='ocrx_word' id='word_1_95' title='bbox 1160 463 1326 502; x_wconf 88' lang='lat' dir='ltr'><strong>Lectio</strong></span> <span class='ocrx_word' id='word_1_96' title='bbox 1349 464 1399 501; x_wconf 92' lang='lat' dir='ltr'><strong>in</strong></span> <span class='ocrx_word' id='word_1_97' title='bbox 1419 464 1807 512; x_wconf 85' lang='lat' dir='ltr'><strong>Quadragesima</strong></span> <span class='ocrx_word' id='word_1_98' title='bbox 1829 464 2016 503; x_wconf 92' lang='lat' dir='ltr'><strong>ieiunio</strong></span> 
     </span>
     <span class='ocr_line' id='line_1_25' title="bbox 1095 532 2017 587; baseline 0.008 -18"><span class='ocrx_word' id='word_1_99' title='bbox 1095 539 1193 571; x_wconf 84' lang='lat' dir='ltr'>VII.</span> <span class='ocrx_word' id='word_1_100' title='bbox 1223 533 1294 574; x_wconf 84' lang='lat' dir='ltr'><strong>De</strong></span> <span class='ocrx_word' id='word_1_101' title='bbox 1327 539 1476 574; x_wconf 89' lang='lat' dir='ltr'><strong>cetero</strong></span> <span class='ocrx_word' id='word_1_102' title='bbox 1497 546 1532 575; x_wconf 93' lang='lat' dir='ltr'><strong>e.</strong></span> <span class='ocrx_word' id='word_1_103' title='bbox 1555 532 1602 574; x_wconf 87' lang='lat' dir='ltr'><strong>fr.</strong></span> <span class='ocrx_word' id='word_1_104' title='bbox 1627 546 1837 587; x_wconf 86' lang='lat' dir='ltr'><strong>rogamus</strong></span> <span class='ocrx_word' id='word_1_105' title='bbox 1870 547 1950 575; x_wconf 90' lang='lat' dir='ltr'><strong>uos</strong></span> <span class='ocrx_word' id='word_1_106' title='bbox 1973 541 2017 576; x_wconf 93' lang='lat' dir='ltr'><strong>et</strong></span> 
     </span>
    </p>
   </div>
   <div class='ocr_carea' id='block_1_16' title="bbox 1094 602 2017 725">
    <p class='ocr_par' dir='ltr' id='par_1_16' title="bbox 1094 602 2017 725">
     <span class='ocr_line' id='line_1_26' title="bbox 1095 602 2017 657; baseline 0.002 -14"><span class='ocrx_word' id='word_1_107' title='bbox 1095 602 1379 643; x_wconf 86' lang='lat' dir='ltr'><strong>obsecramus</strong></span> <span class='ocrx_word' id='word_1_108' title='bbox 1406 634 1512 643; x_wconf 75' lang='grc'><strong>......</strong></span> <span class='ocrx_word' id='word_1_109' title='bbox 1539 608 1587 643; x_wconf 91' lang='lat' dir='ltr'><strong>ut</strong></span> <span class='ocrx_word' id='word_1_110' title='bbox 1609 602 1805 657; x_wconf 90' lang='lat' dir='ltr'><strong>diligatis</strong></span> <span class='ocrx_word' id='word_1_111' title='bbox 1829 602 1872 644; x_wconf 93' lang='lat' dir='ltr'><strong>in</strong></span> <span class='ocrx_word' id='word_1_112' title='bbox 1906 602 2017 645; x_wconf 87' lang='lat' dir='ltr'><strong>inui-</strong></span> 
     </span>
     <span class='ocr_line' id='line_1_27' title="bbox 1094 670 1414 725; baseline 0 -13"><span class='ocrx_word' id='word_1_113' title='bbox 1094 684 1204 712; x_wconf 89' lang='lat' dir='ltr'><strong>cem.</strong></span> <span class='ocrx_word' id='word_1_114' title='bbox 1226 670 1297 724; x_wconf 88' lang='lat' dir='ltr'><strong>(IV</strong></span> <span class='ocrx_word' id='word_1_115' title='bbox 1325 671 1414 725; x_wconf 91' lang='lat'>1-9)</span> 
     </span>
    </p>
   </div>
   <div class='ocr_carea' id='block_1_17' title="bbox 1094 778 2016 890">
    <p class='ocr_par' dir='ltr' id='par_1_17' title="bbox 1094 778 2016 890">
     <span class='ocr_line' id='line_1_28' title="bbox 1159 778 2016 826; baseline 0.001 -11"><span class='ocrx_word' id='word_1_116' title='bbox 1159 778 1327 816; x_wconf 86' lang='lat' dir='ltr'><strong>Lectio</strong></span> <span class='ocrx_word' id='word_1_117' title='bbox 1368 779 1417 815; x_wconf 93' lang='lat' dir='ltr'><strong>in</strong></span> <span class='ocrx_word' id='word_1_118' title='bbox 1459 778 1847 826; x_wconf 84' lang='lat' dir='ltr'><strong>Quadragesima</strong></span> <span class='ocrx_word' id='word_1_119' title='bbox 1887 779 2016 816; x_wconf 88' lang='lat' dir='ltr'><strong>ieiu-</strong></span> 
     </span>
     <span class='ocr_line' id='line_1_29' title="bbox 1094 846 2016 890; baseline 0.005 -6"><span class='ocrx_word' id='word_1_120' title='bbox 1094 847 1180 884; x_wconf 92' lang='lat' dir='ltr'><strong>nio</strong></span> <span class='ocrx_word' id='word_1_121' title='bbox 1203 874 1213 885; x_wconf 96' lang='lat'>.</span> <span class='ocrx_word' id='word_1_122' title='bbox 1237 853 1357 885; x_wconf 87' lang='lat' dir='ltr'>VIII.</span> <span class='ocrx_word' id='word_1_123' title='bbox 1385 846 1663 890; x_wconf 89' lang='lat' dir='ltr'><strong>Confidimus</strong></span> <span class='ocrx_word' id='word_1_124' title='bbox 1685 862 1722 889; x_wconf 90' lang='lat' dir='ltr'><strong>a.</strong></span> <span class='ocrx_word' id='word_1_125' title='bbox 1744 848 1800 889; x_wconf 91' lang='lat' dir='ltr'><strong>de</strong></span> <span class='ocrx_word' id='word_1_126' title='bbox 1823 847 1950 889; x_wconf 92' lang='lat' dir='ltr'><strong>uobis</strong></span> <span class='ocrx_word' id='word_1_127' title='bbox 1974 847 2016 889; x_wconf 91' lang='lat' dir='ltr'><strong>in</strong></span> 
     </span>
    </p>
   </div>
   <div class='ocr_carea' id='block_1_18' title="bbox 1094 916 2017 1039">
    <p class='ocr_par' dir='ltr' id='par_1_18' title="bbox 1094 916 2017 1039">
     <span class='ocr_line' id='line_1_30' title="bbox 1094 916 2017 959; baseline 0 -1"><span class='ocrx_word' id='word_1_128' title='bbox 1094 916 1279 958; x_wconf 89' lang='lat' dir='ltr'><strong>domino</strong></span> <span class='ocrx_word' id='word_1_129' title='bbox 1305 949 1411 958; x_wconf 91' lang='grc'><strong>......</strong></span> <span class='ocrx_word' id='word_1_130' title='bbox 1437 916 1646 959; x_wconf 91' lang='lat' dir='ltr'><strong>dominus</strong></span> <span class='ocrx_word' id='word_1_131' title='bbox 1674 930 1774 959; x_wconf 92' lang='lat' dir='ltr'><strong>cum</strong></span> <span class='ocrx_word' id='word_1_132' title='bbox 1810 917 2017 959; x_wconf 91' lang='lat' dir='ltr'><strong>omnibus</strong></span> 
     </span>
     <span class='ocr_line' id='line_1_31' title="bbox 1097 974 1918 1039; baseline -0.002 -12"><span class='ocrx_word' id='word_1_133' title='bbox 1097 985 1233 1027; x_wconf 80' lang='lat' dir='ltr'><strong>uobis,</strong></span> <span class='ocrx_word' id='word_1_134' title='bbox 1257 985 1336 1039; x_wconf 89' lang='lat' dir='ltr'>(III</span> <span class='ocrx_word' id='word_1_135' title='bbox 1358 986 1483 1038; x_wconf 90' lang='lat'>4-16)</span> <span class='ocrx_word' id='word_1_136' title='bbox 1914 974 1918 976; x_wconf 13' lang='grc' dir='ltr'><strong>Ἴ</strong></span> 
     </span>
    </p>
   </div>
   <div class='ocr_carea' id='block_1_19' title="bbox 1098 1083 2020 1207">
    <p class='ocr_par' dir='ltr' id='par_1_19' title="bbox 1098 1083 2020 1207">
     <span class='ocr_line' id='line_1_32' title="bbox 1160 1083 2020 1143; baseline 0.001 -10"><span class='ocrx_word' id='word_1_137' title='bbox 1160 1083 1326 1134; x_wconf 79' lang='lat' dir='ltr'><strong>Lectio</strong></span> <span class='ocrx_word' id='word_1_138' title='bbox 1358 1095 1409 1133; x_wconf 91' lang='lat' dir='ltr'><strong>in</strong></span> <span class='ocrx_word' id='word_1_139' title='bbox 1440 1096 1821 1143; x_wconf 86' lang='lat' dir='ltr'><strong>quadragesima</strong></span> <span class='ocrx_word' id='word_1_140' title='bbox 1849 1096 2020 1134; x_wconf 89' lang='lat' dir='ltr'><strong>domi-</strong></span> 
     </span>
     <span class='ocr_line' id='line_1_33' title="bbox 1098 1165 2020 1207; baseline 0.004 -5"><span class='ocrx_word' id='word_1_141' title='bbox 1098 1165 1210 1202; x_wconf 90' lang='lat' dir='ltr'><strong>nica</strong></span> <span class='ocrx_word' id='word_1_142' title='bbox 1235 1172 1284 1202; x_wconf 89' lang='lat' dir='ltr'><strong>v.</strong></span> <span class='ocrx_word' id='word_1_143' title='bbox 1312 1165 1412 1206; x_wconf 92' lang='lat' dir='ltr'><strong>Hoc</strong></span> <span class='ocrx_word' id='word_1_144' title='bbox 1431 1171 1580 1206; x_wconf 90' lang='lat' dir='ltr'><strong>autem</strong></span> <span class='ocrx_word' id='word_1_145' title='bbox 1599 1166 1700 1207; x_wconf 91' lang='lat' dir='ltr'><strong>dico</strong></span> <span class='ocrx_word' id='word_1_146' title='bbox 1719 1171 1766 1206; x_wconf 91' lang='lat' dir='ltr'><strong>ut</strong></span> <span class='ocrx_word' id='word_1_147' title='bbox 1784 1179 1917 1206; x_wconf 89' lang='lat' dir='ltr'><strong>nemo</strong></span> <span class='ocrx_word' id='word_1_148' title='bbox 1940 1178 2020 1206; x_wconf 89' lang='lat' dir='ltr'><strong>uos</strong></span> 
     </span>
    </p>
   </div>
   <div class='ocr_carea' id='block_1_20' title="bbox 1098 1233 2020 1358">
    <p class='ocr_par' dir='ltr' id='par_1_20' title="bbox 1098 1233 2020 1358">
     <span class='ocr_line' id='line_1_34' title="bbox 1098 1233 2020 1289; baseline 0 -14"><span class='ocrx_word' id='word_1_149' title='bbox 1098 1233 1293 1288; x_wconf 87' lang='lat' dir='ltr'><strong>decipiat</strong></span> <span class='ocrx_word' id='word_1_150' title='bbox 1316 1266 1423 1276; x_wconf 91' lang='grc'><strong>......</strong></span> <span class='ocrx_word' id='word_1_151' title='bbox 1449 1234 1725 1289; x_wconf 85' lang='lat' dir='ltr'><strong>principatus</strong></span> <span class='ocrx_word' id='word_1_152' title='bbox 1747 1239 1792 1276; x_wconf 91' lang='lat' dir='ltr'><strong>et</strong></span> <span class='ocrx_word' id='word_1_153' title='bbox 1823 1240 2020 1288; x_wconf 89' lang='lat' dir='ltr'><strong>potesta-</strong></span> 
     </span>
     <span class='ocr_line' id='line_1_35' title="bbox 1100 1303 1395 1358; baseline 0.003 -13"><span class='ocrx_word' id='word_1_154' title='bbox 1100 1303 1168 1346; x_wconf 87' lang='lat' dir='ltr'><strong>tis.</strong></span> <span class='ocrx_word' id='word_1_155' title='bbox 1191 1303 1249 1357; x_wconf 90' lang='lat' dir='ltr'><strong>(II</strong></span> <span class='ocrx_word' id='word_1_156' title='bbox 1270 1303 1395 1358; x_wconf 92' lang='lat'>4-10)</span> 
     </span>
    </p>
   </div>
   <div class='ocr_carea' id='block_1_21' title="bbox 1100 1411 2022 1607">
    <p class='ocr_par' dir='ltr' id='par_1_21' title="bbox 1100 1411 2022 1607">
     <span class='ocr_line' id='line_1_36' title="bbox 1161 1411 2022 1459; baseline 0.001 -10"><span class='ocrx_word' id='word_1_157' title='bbox 1161 1411 1327 1449; x_wconf 86' lang='lat' dir='ltr'><strong>Lectio</strong></span> <span class='ocrx_word' id='word_1_158' title='bbox 1349 1411 1400 1448; x_wconf 91' lang='lat' dir='ltr'><strong>in</strong></span> <span class='ocrx_word' id='word_1_159' title='bbox 1422 1411 1818 1459; x_wconf 85' lang='lat' dir='ltr'><strong>Quadragesima</strong></span> <span class='ocrx_word' id='word_1_160' title='bbox 1832 1411 2022 1450; x_wconf 89' lang='lat' dir='ltr'><strong>ieiunio</strong></span> 
     </span>
     <span class='ocr_line' id='line_1_37' title="bbox 1100 1473 2021 1539; baseline 0.007 -22"><span class='ocrx_word' id='word_1_161' title='bbox 1100 1487 1244 1519; x_wconf 83' lang='lat' dir='ltr'>VIIII.</span> <span class='ocrx_word' id='word_1_162' title='bbox 1260 1485 1348 1522; x_wconf 85' lang='lat' dir='ltr'><strong>÷et</strong></span> <span class='ocrx_word' id='word_1_163' title='bbox 1369 1493 1484 1539; x_wconf 68' lang='lat' dir='ltr'><strong>quae</strong></span> <span class='ocrx_word' id='word_1_164' title='bbox 1505 1473 1828 1523; x_wconf 87' lang='lat' dir='ltr'><strong>aedificationis</strong></span> <span class='ocrx_word' id='word_1_165' title='bbox 1851 1488 1954 1523; x_wconf 89' lang='lat' dir='ltr'><strong>sunt</strong></span> <span class='ocrx_word' id='word_1_166' title='bbox 1977 1482 2021 1523; x_wconf 89' lang='lat' dir='ltr'><strong>in</strong></span> 
     </span>
     <span class='ocr_line' id='line_1_38' title="bbox 1101 1548 2021 1607; baseline 0.003 -17"><span class='ocrx_word' id='word_1_167' title='bbox 1101 1548 1291 1591; x_wconf 90' lang='lat' dir='ltr'><strong>inuicem</strong></span> <span class='ocrx_word' id='word_1_168' title='bbox 1314 1550 1619 1593; x_wconf 85' lang='lat' dir='ltr'><strong>custodiamus</strong></span> <span class='ocrx_word' id='word_1_169' title='bbox 1645 1584 1751 1593; x_wconf 81' lang='lat'><strong>......</strong></span> <span class='ocrx_word' id='word_1_170' title='bbox 1779 1557 1823 1594; x_wconf 89' lang='lat' dir='ltr'><strong>et</strong></span> <span class='ocrx_word' id='word_1_171' title='bbox 1849 1557 2021 1607; x_wconf 88' lang='lat' dir='ltr'><strong>patrem</strong></span> 
     </span>
    </p>
   </div>
   <div class='ocr_carea' id='block_1_22' title="bbox 1103 1618 2022 1742">
    <p class='ocr_par' dir='ltr' id='par_1_22' title="bbox 1103 1618 2022 1742">
     <span class='ocr_line' id='line_1_39' title="bbox 1104 1618 2022 1675; baseline 0.003 -15"><span class='ocrx_word' id='word_1_172' title='bbox 1104 1618 1291 1660; x_wconf 71' lang='lat' dir='ltr'><strong>domini·</strong></span> <span class='ocrx_word' id='word_1_173' title='bbox 1313 1619 1452 1662; x_wconf 85' lang='lat' dir='ltr'><strong>nostri</strong></span> <span class='ocrx_word' id='word_1_174' title='bbox 1478 1619 1603 1662; x_wconf 92' lang='lat' dir='ltr'><strong>ihesu</strong></span> <span class='ocrx_word' id='word_1_175' title='bbox 1636 1620 1787 1663; x_wconf 84' lang='lat' dir='ltr'><strong>christi</strong></span> <span class='ocrx_word' id='word_1_176' title='bbox 1819 1621 1926 1675; x_wconf 92' lang='lat' dir='ltr'>(XIV</span> <span class='ocrx_word' id='word_1_177' title='bbox 1953 1633 2022 1674; x_wconf 91' lang='lat'><strong>19-</strong></span> 
     </span>
     <span class='ocr_line' id='line_1_40' title="bbox 1103 1688 1239 1742; baseline 0.007 -13"><span class='ocrx_word' id='word_1_178' title='bbox 1103 1697 1171 1730; x_wconf 86' lang='lat' dir='ltr'><strong>xv</strong></span> <span class='ocrx_word' id='word_1_179' title='bbox 1191 1688 1239 1742; x_wconf 94' lang='lat'><strong>6)</strong></span> 
     </span>
    </p>
   </div>
   <div class='ocr_carea' id='block_1_23' title="bbox 1102 1800 2024 1994">
    <p class='ocr_par' dir='ltr' id='par_1_23' title="bbox 1102 1800 2024 1994">
     <span class='ocr_line' id='line_1_41' title="bbox 1164 1800 2024 1849; baseline 0.003 -11"><span class='ocrx_word' id='word_1_180' title='bbox 1164 1800 1332 1839; x_wconf 84' lang='lat' dir='ltr'><strong>Lectio</strong></span> <span class='ocrx_word' id='word_1_181' title='bbox 1353 1801 1406 1838; x_wconf 89' lang='lat' dir='ltr'><strong>in</strong></span> <span class='ocrx_word' id='word_1_182' title='bbox 1425 1801 1806 1849; x_wconf 84' lang='lat' dir='ltr'><strong>quadragesima</strong></span> <span class='ocrx_word' id='word_1_183' title='bbox 1836 1802 2024 1842; x_wconf 90' lang='lat' dir='ltr'><strong>ieiunio</strong></span> 
     </span>
     <span class='ocr_line' id='line_1_42' title="bbox 1102 1869 2024 1925; baseline 0.005 -18"><span class='ocrx_word' id='word_1_184' title='bbox 1102 1875 1158 1908; x_wconf 86' lang='lat' dir='ltr'><strong>X.</strong></span> <span class='ocrx_word' id='word_1_185' title='bbox 1183 1869 1390 1925; x_wconf 88' lang='lat' dir='ltr'><strong>Epistula</strong></span> <span class='ocrx_word' id='word_1_186' title='bbox 1407 1877 1558 1913; x_wconf 88' lang='lat' dir='ltr'><strong>nostra</strong></span> <span class='ocrx_word' id='word_1_187' title='bbox 1579 1883 1660 1912; x_wconf 87' lang='lat' dir='ltr'><strong>uos</strong></span> <span class='ocrx_word' id='word_1_188' title='bbox 1675 1870 1779 1911; x_wconf 86' lang='lat' dir='ltr'><strong>estis</strong></span> <span class='ocrx_word' id='word_1_189' title='bbox 1805 1902 1911 1912; x_wconf 91' lang='lat'><strong><em>......</em></strong></span> <span class='ocrx_word' id='word_1_190' title='bbox 1936 1870 2024 1925; x_wconf 87' lang='lat' dir='ltr'><strong>spi-</strong></span> 
     </span>
     <span class='ocr_line' id='line_1_43' title="bbox 1107 1939 1953 1994; baseline 0.002 -14"><span class='ocrx_word' id='word_1_191' title='bbox 1107 1940 1215 1981; x_wconf 90' lang='lat' dir='ltr'><strong>ritus</strong></span> <span class='ocrx_word' id='word_1_192' title='bbox 1237 1940 1408 1983; x_wconf 89' lang='lat' dir='ltr'><strong>domini</strong></span> <span class='ocrx_word' id='word_1_193' title='bbox 1430 1940 1491 1982; x_wconf 92' lang='lat' dir='ltr'><strong>ibi</strong></span> <span class='ocrx_word' id='word_1_194' title='bbox 1514 1940 1703 1984; x_wconf 74' lang='lat' dir='ltr'><strong>libertas</strong></span> <span class='ocrx_word' id='word_1_195' title='bbox 1727 1939 1805 1994; x_wconf 88' lang='lat' dir='ltr'>(III</span> <span class='ocrx_word' id='word_1_196' title='bbox 1829 1940 1953 1994; x_wconf 86' lang='lat'>2-17)</span> 
     </span>
    </p>
   </div>
   <div class='ocr_carea' id='block_1_24' title="bbox 1103 2051 2029 2511">
    <p class='ocr_par' dir='ltr' id='par_1_24' title="bbox 1103 2051 2029 2511">
     <span class='ocr_line' id='line_1_44' title="bbox 1164 2051 2026 2106; baseline -0.001 -13"><span class='ocrx_word' id='word_1_197' title='bbox 1164 2052 1343 2094; x_wconf 89' lang='lat' dir='ltr'><strong>Titulus</strong></span> <span class='ocrx_word' id='word_1_198' title='bbox 1376 2062 1408 2093; x_wconf 86' lang='lat' dir='ltr'>V</span> <span class='ocrx_word' id='word_1_199' title='bbox 1449 2073 1481 2085; x_wconf 97' lang='lat'><strong><em>=</em></strong></span> <span class='ocrx_word' id='word_1_200' title='bbox 1524 2066 1557 2094; x_wconf 94' lang='lat' dir='ltr'><strong>c.</strong></span> <span class='ocrx_word' id='word_1_201' title='bbox 1589 2062 1626 2094; x_wconf 94' lang='lat' dir='ltr'><strong>II</strong></span> <span class='ocrx_word' id='word_1_202' title='bbox 1667 2064 1776 2093; x_wconf 92' lang='lat' dir='ltr'>I—II.</span> <span class='ocrx_word' id='word_1_203' title='bbox 1816 2061 1838 2096; x_wconf 89' lang='grc'><strong>(&lt;</strong></span> <span class='ocrx_word' id='word_1_204' title='bbox 1867 2051 2026 2106; x_wconf 87' lang='lat' dir='ltr'><strong>Neque</strong></span> 
     </span>
     <span class='ocr_line' id='line_1_45' title="bbox 1110 2122 2028 2176; baseline -0.001 -13"><span class='ocrx_word' id='word_1_205' title='bbox 1110 2136 1214 2164; x_wconf 90' lang='lat' dir='ltr'><strong>uero</strong></span> <span class='ocrx_word' id='word_1_206' title='bbox 1248 2123 1343 2164; x_wconf 90' lang='lat' dir='ltr'><strong>dies</strong></span> <span class='ocrx_word' id='word_1_207' title='bbox 1365 2123 1422 2164; x_wconf 89' lang='lat' dir='ltr'><strong>ad</strong></span> <span class='ocrx_word' id='word_1_208' title='bbox 1461 2122 1707 2176; x_wconf 87' lang='lat' dir='ltr'><strong>marginem</strong></span> <span class='ocrx_word' id='word_1_209' title='bbox 1730 2127 1911 2163; x_wconf 91' lang='lat' dir='ltr'><strong>notatus</strong></span> <span class='ocrx_word' id='word_1_210' title='bbox 1949 2127 2028 2172; x_wconf 91' lang='lat' dir='ltr'><strong>est,</strong></span> 
     </span>
     <span class='ocr_line' id='line_1_46' title="bbox 1109 2191 2022 2246; baseline 0.001 -14"><span class='ocrx_word' id='word_1_211' title='bbox 1109 2205 1252 2246; x_wconf 90' lang='lat' dir='ltr'><strong>neque</strong></span> <span class='ocrx_word' id='word_1_212' title='bbox 1284 2192 1493 2246; x_wconf 89' lang='lat' dir='ltr'><strong>pericopa</strong></span> <span class='ocrx_word' id='word_1_213' title='bbox 1532 2191 1571 2233; x_wconf 94' lang='lat' dir='ltr'><strong>ei</strong></span> <span class='ocrx_word' id='word_1_214' title='bbox 1593 2191 1707 2233; x_wconf 91' lang='lat' dir='ltr'><strong>bene</strong></span> <span class='ocrx_word' id='word_1_215' title='bbox 1739 2192 1979 2245; x_wconf 88' lang='lat' dir='ltr'><strong>respondet</strong></span> <span class='ocrx_word' id='word_1_216' title='bbox 1999 2199 2022 2234; x_wconf 76' lang='lat'>»</span> 
     </span>
     <span class='ocr_line' id='line_1_47' title="bbox 1103 2261 2027 2315; baseline 0.001 -13"><span class='ocrx_word' id='word_1_217' title='bbox 1103 2261 1316 2315; x_wconf 87' lang='lat' dir='ltr'><strong>(Ranke).</strong></span> <span class='ocrx_word' id='word_1_218' title='bbox 1342 2261 1454 2302; x_wconf 91' lang='lat' dir='ltr'><strong>Mihi</strong></span> <span class='ocrx_word' id='word_1_219' title='bbox 1477 2267 1627 2304; x_wconf 86' lang='lat' dir='ltr'><strong>autern</strong></span> <span class='ocrx_word' id='word_1_220' title='bbox 1650 2261 1805 2304; x_wconf 91' lang='lat' dir='ltr'><strong>titulus</strong></span> <span class='ocrx_word' id='word_1_221' title='bbox 1828 2262 1910 2303; x_wconf 88' lang='lat' dir='ltr'><strong>iste</strong></span> <span class='ocrx_word' id='word_1_222' title='bbox 1933 2262 2027 2303; x_wconf 92' lang='lat' dir='ltr'><strong>iun·</strong></span> 
     </span>
     <span class='ocr_line' id='line_1_48' title="bbox 1106 2324 2027 2386; baseline 0 -14"><span class='ocrx_word' id='word_1_223' title='bbox 1106 2332 1280 2385; x_wconf 88' lang='lat' dir='ltr'><strong>gendus</strong></span> <span class='ocrx_word' id='word_1_224' title='bbox 1302 2338 1369 2373; x_wconf 92' lang='lat' dir='ltr'><strong>est</strong></span> <span class='ocrx_word' id='word_1_225' title='bbox 1390 2324 1491 2372; x_wconf 88' lang='lat' dir='ltr'><strong>cum</strong></span> <span class='ocrx_word' id='word_1_226' title='bbox 1515 2344 1568 2373; x_wconf 94' lang='lat' dir='ltr'><strong>eo</strong></span> <span class='ocrx_word' id='word_1_227' title='bbox 1590 2331 1664 2386; x_wconf 89' lang='lat' dir='ltr'><strong>qui</strong></span> <span class='ocrx_word' id='word_1_228' title='bbox 1698 2331 1905 2384; x_wconf 89' lang='lat' dir='ltr'><strong>proxime</strong></span> <span class='ocrx_word' id='word_1_229' title='bbox 1926 2330 2027 2373; x_wconf 90' lang='lat' dir='ltr'><strong>sub-</strong></span> 
     </span>
     <span class='ocr_line' id='line_1_49' title="bbox 1109 2399 2029 2464; baseline 0 -22"><span class='ocrx_word' id='word_1_230' title='bbox 1109 2401 1320 2456; x_wconf 89' lang='lat' dir='ltr'><strong>sequitur.</strong></span> <span class='ocrx_word' id='word_1_231' title='bbox 1357 2399 1423 2443; x_wconf 81' lang='lat' dir='ltr'><strong>Cs.</strong></span> <span class='ocrx_word' id='word_1_232' title='bbox 1446 2399 1560 2442; x_wconf 87' lang='lat' dir='ltr'><strong>infra</strong></span> <span class='ocrx_word' id='word_1_233' title='bbox 1593 2400 1772 2464; x_wconf 78' lang='lat' dir='ltr'><strong>titulum</strong></span> <span class='ocrx_word' id='word_1_234' title='bbox 1807 2401 2029 2443; x_wconf 88' lang='lat' dir='ltr'><strong>secundae</strong></span> 
     </span>
     <span class='ocr_line' id='line_1_50' title="bbox 1110 2468 1252 2511; baseline 0.007 -1"><span class='ocrx_word' id='word_1_235' title='bbox 1110 2468 1252 2511; x_wconf 88' lang='lat' dir='ltr'><strong>feriae.</strong></span> 
     </span>
    </p>
   </div>
   <div class='ocr_carea' id='block_1_25' title="bbox 1109 2575 2026 2699">
    <p class='ocr_par' dir='ltr' id='par_1_25' title="bbox 1109 2575 2026 2699">
     <span class='ocr_line' id='line_1_51' title="bbox 1172 2575 2026 2631; baseline 0 -13"><span class='ocrx_word' id='word_1_236' title='bbox 1172 2576 1294 2630; x_wconf 88' lang='lat' dir='ltr'><strong>Lege</strong></span> <span class='ocrx_word' id='word_1_237' title='bbox 1325 2575 1391 2618; x_wconf 90' lang='lat' dir='ltr'><strong>tit.</strong></span> <span class='ocrx_word' id='word_1_238' title='bbox 1425 2585 1559 2627; x_wconf 87' lang='lat' dir='ltr'>XXVI,</span> <span class='ocrx_word' id='word_1_239' title='bbox 1580 2576 1655 2618; x_wconf 91' lang='lat' dir='ltr'><strong>ubi</strong></span> <span class='ocrx_word' id='word_1_240' title='bbox 1692 2576 1747 2618; x_wconf 91' lang='lat' dir='ltr'><strong>ad</strong></span> <span class='ocrx_word' id='word_1_241' title='bbox 1781 2576 2026 2631; x_wconf 86' lang='lat' dir='ltr'><strong>marginem</strong></span> 
     </span>
     <span class='ocr_line' id='line_1_52' title="bbox 1109 2645 2026 2699; baseline -0.005 -10"><span class='ocrx_word' id='word_1_242' title='bbox 1109 2651 1316 2689; x_wconf 85' lang='lat' dir='ltr'><strong>notatur:</strong></span> <span class='ocrx_word' id='word_1_243' title='bbox 1342 2646 1472 2683; x_wconf 90' lang='lat' dir='ltr'><strong>Lect.</strong></span> <span class='ocrx_word' id='word_1_244' title='bbox 1508 2645 1570 2684; x_wconf 90' lang='lat' dir='ltr'><strong>de</strong></span> <span class='ocrx_word' id='word_1_245' title='bbox 1594 2645 1928 2699; x_wconf 85' lang='lat' dir='ltr'><strong>Indulgentia.</strong></span> <span class='ocrx_word' id='word_1_246' title='bbox 1953 2645 2026 2687; x_wconf 91' lang='lat' dir='ltr'><strong>Li-</strong></span> 
     </span>
    </p>
   </div>
   <div class='ocr_carea' id='block_1_26' title="bbox 1107 2713 2023 2840">
    <p class='ocr_par' dir='ltr' id='par_1_26' title="bbox 1107 2713 2023 2840">
     <span class='ocr_line' id='line_1_53' title="bbox 1107 2713 2023 2769; baseline -0.001 -11"><span class='ocrx_word' id='word_1_247' title='bbox 1107 2715 1265 2758; x_wconf 91' lang='lat' dir='ltr'><strong>benter</strong></span> <span class='ocrx_word' id='word_1_248' title='bbox 1306 2728 1341 2756; x_wconf 91' lang='lat' dir='ltr'><strong>e.</strong></span> <span class='ocrx_word' id='word_1_249' title='bbox 1383 2713 1574 2756; x_wconf 84' lang='lat' dir='ltr'><strong>suffertis</strong></span> <span class='ocrx_word' id='word_1_250' title='bbox 1612 2715 1872 2769; x_wconf 89' lang='lat' dir='ltr'><strong>insipientes</strong></span> <span class='ocrx_word' id='word_1_251' title='bbox 1917 2747 2023 2757; x_wconf 92' lang='grc'><strong>......</strong></span> 
     </span>
     <span class='ocr_line' id='line_1_54' title="bbox 1107 2783 1820 2840; baseline 0 -14"><span class='ocrx_word' id='word_1_252' title='bbox 1107 2785 1213 2840; x_wconf 86' lang='lat' dir='ltr'><strong>quia</strong></span> <span class='ocrx_word' id='word_1_253' title='bbox 1235 2796 1322 2826; x_wconf 89' lang='lat' dir='ltr'><strong>non</strong></span> <span class='ocrx_word' id='word_1_254' title='bbox 1347 2783 1548 2826; x_wconf 87' lang='lat' dir='ltr'><strong>mentior.</strong></span> <span class='ocrx_word' id='word_1_255' title='bbox 1571 2784 1643 2838; x_wconf 91' lang='lat' dir='ltr'><strong>(XI</strong></span> <span class='ocrx_word' id='word_1_256' title='bbox 1671 2795 1739 2838; x_wconf 89' lang='lat'><strong>19-</strong></span> <span class='ocrx_word' id='word_1_257' title='bbox 1747 2784 1820 2838; x_wconf 87' lang='lat'><strong>31)</strong></span> 
     </span>
    </p>
   </div>
   <div class='ocr_carea' id='block_1_27' title="bbox 1109 2890 2026 3151">
    <p class='ocr_par' dir='ltr' id='par_1_27' title="bbox 1109 2890 2026 3151">
     <span class='ocr_line' id='line_1_55' title="bbox 1163 2890 2026 2939; baseline -0.005 -7"><span class='ocrx_word' id='word_1_258' title='bbox 1163 2890 1239 2932; x_wconf 91' lang='lat' dir='ltr'><strong>Ad</strong></span> <span class='ocrx_word' id='word_1_259' title='bbox 1263 2890 1327 2932; x_wconf 91' lang='lat' dir='ltr'><strong>tit.</strong></span> <span class='ocrx_word' id='word_1_260' title='bbox 1345 2898 1438 2931; x_wconf 91' lang='lat' dir='ltr'>VIII</span> <span class='ocrx_word' id='word_1_261' title='bbox 1461 2905 1468 2930; x_wconf 94' lang='lat'><strong>:</strong></span> <span class='ocrx_word' id='word_1_262' title='bbox 1495 2891 1662 2929; x_wconf 88' lang='lat' dir='ltr'><strong>Lectio</strong></span> <span class='ocrx_word' id='word_1_263' title='bbox 1696 2894 1809 2939; x_wconf 89' lang='lat' dir='ltr'><strong>post</strong></span> <span class='ocrx_word' id='word_1_264' title='bbox 1846 2891 2026 2930; x_wconf 90' lang='lat' dir='ltr'><strong>Indul-</strong></span> 
     </span>
     <span class='ocr_line' id='line_1_56' title="bbox 1109 2952 2026 3015; baseline 0.003 -16"><span class='ocrx_word' id='word_1_265' title='bbox 1109 2952 1277 3008; x_wconf 77' lang='lat' dir='ltr'><strong>&#39;gentia</strong></span> <span class='ocrx_word' id='word_1_266' title='bbox 1291 2959 1415 2998; x_wconf 87' lang='lat' dir='ltr'><strong>feria</strong></span> <span class='ocrx_word' id='word_1_267' title='bbox 1436 2966 1493 2999; x_wconf 95' lang='lat'><strong>11.</strong></span> <span class='ocrx_word' id='word_1_268' title='bbox 1518 2959 1619 3014; x_wconf 90' lang='lat' dir='ltr'><strong>Ego</strong></span> <span class='ocrx_word' id='word_1_269' title='bbox 1641 2961 1759 3002; x_wconf 90' lang='lat' dir='ltr'><strong>enim</strong></span> <span class='ocrx_word' id='word_1_270' title='bbox 1783 2974 1861 3015; x_wconf 90' lang='lat' dir='ltr'><strong>per</strong></span> <span class='ocrx_word' id='word_1_271' title='bbox 1883 2961 2026 3015; x_wconf 89' lang='lat' dir='ltr'><strong>legem</strong></span> 
     </span>
     <span class='ocr_line' id='line_1_57' title="bbox 1109 3029 2026 3084; baseline -0.001 -13"><span class='ocrx_word' id='word_1_272' title='bbox 1109 3029 1196 3084; x_wconf 89' lang='lat' dir='ltr'><strong>legi</strong></span> <span class='ocrx_word' id='word_1_273' title='bbox 1230 3034 1430 3070; x_wconf 88' lang='lat' dir='ltr'><strong>mortuus</strong></span> <span class='ocrx_word' id='word_1_274' title='bbox 1464 3041 1562 3070; x_wconf 90' lang='lat' dir='ltr'><strong>sum</strong></span> <span class='ocrx_word' id='word_1_275' title='bbox 1605 3061 1711 3071; x_wconf 90' lang='grc'><strong>......</strong></span> <span class='ocrx_word' id='word_1_276' title='bbox 1737 3030 1775 3070; x_wconf 91' lang='lat' dir='ltr'><strong>ei</strong></span> <span class='ocrx_word' id='word_1_277' title='bbox 1810 3030 1866 3071; x_wconf 92' lang='lat' dir='ltr'><strong>ad</strong></span> <span class='ocrx_word' id='word_1_278' title='bbox 1905 3030 2026 3071; x_wconf 90' lang='lat' dir='ltr'><strong>iusti-</strong></span> 
     </span>
     <span class='ocr_line' id='line_1_58' title="bbox 1109 3097 1524 3151; baseline -0.007 -10"><span class='ocrx_word' id='word_1_279' title='bbox 1109 3099 1216 3142; x_wconf 86' lang='lat' dir='ltr'><strong>tiam</strong></span> <span class='ocrx_word' id='word_1_280' title='bbox 1241 3098 1299 3151; x_wconf 96' lang='lat' dir='ltr'><strong>(II</strong></span> <span class='ocrx_word' id='word_1_281' title='bbox 1327 3106 1455 3149; x_wconf 87' lang='lat'>19-111</span> <span class='ocrx_word' id='word_1_282' title='bbox 1477 3097 1524 3151; x_wconf 88' lang='lat'><strong>6)</strong></span> 
     </span>
    </p>
   </div>
   <div class='ocr_carea' id='block_1_28' title="bbox 1173 3205 2025 3255">
    <p class='ocr_par' dir='ltr' id='par_1_28' title="bbox 1173 3205 2025 3255">
     <span class='ocr_line' id='line_1_59' title="bbox 1173 3205 2025 3255; baseline 0 -9"><span class='ocrx_word' id='word_1_283' title='bbox 1173 3209 1303 3246; x_wconf 88' lang='lat' dir='ltr'><strong>Lect.</strong></span> <span class='ocrx_word' id='word_1_284' title='bbox 1325 3209 1438 3255; x_wconf 86' lang='lat' dir='ltr'><strong>post</strong></span> <span class='ocrx_word' id='word_1_285' title='bbox 1468 3205 1779 3254; x_wconf 82' lang='lat' dir='ltr'><strong>indulgentia</strong></span> <span class='ocrx_word' id='word_1_286' title='bbox 1801 3206 1922 3244; x_wconf 83' lang='lat' dir='ltr'><strong>feria</strong></span> <span class='ocrx_word' id='word_1_287' title='bbox 1945 3213 2025 3246; x_wconf 91' lang='lat'>111.</span> 
     </span>
    </p>
   </div>
  </div>
 </body>
</html>
