2554 3658
847 355 1035 389 TERTIO
1073 356 1160 388 DIE
1196 357 1264 389 AD
1303 357 1478 391 SEXTA.
1974 362 2068 408 317

322 469 390 518 Et
416 470 611 519 inmitte
635 471 866 519 timorem
893 483 1030 518 tuum
1069 487 1220 533 super
1242 483 1422 536 gentes
1447 489 1576 536 quae
1603 489 1702 522 non
1729 475 2070 539 exquisierunt

250 566 328 617 te<
361 566 411 604 et
430 567 735 621 cognoscant
760 566 810 604 te
834 554 950 619 quia
975 572 1074 604 non
1100 568 1177 605 est
1201 554 1325 604 deus
1352 555 1443 604 nisi
1465 568 1517 604 tu
1545 569 1596 605 ut
1612 571 1843 607 enarrent
1869 576 2071 625 magna-

253 637 318 686 lia
343 649 458 695 tua„

318 722 499 771 Alleba
515 739 716 770 manum
736 733 871 771 tuam
896 739 1046 786 super
1059 732 1240 787 gentes
1256 722 1473 771 alienasae
1500 735 1553 772 ut
1573 725 1776 775 uideant
1795 727 2071 791 potentiam

252 817 420 864 tuam,
2122 828 2140 864 5

320 891 462 940 Sicut
486 892 616 940 enim
647 891 695 940 in
719 899 987 955 conspectu
1014 907 1184 940 eorum
1211 890 1548 940 sanctificatus
1573 910 1627 941 es
1654 893 1702 941 in
1729 893 1902 942 nobis(
1935 894 2073 942 sicin

252 988 523 1040 conspectu
549 987 721 1025 nostro
746 975 1142 1041 magnificaberis
1164 974 1211 1022 in
1239 973 1361 1023 illisa
1395 991 1448 1023 ut
1473 989 1780 1042 cognoscant
1806 989 1854 1026 te
1881 979 2007 1026 sicut
2025 990 2074 1027 et

255 1076 346 1108 nos
405 1060 763 1126 cognobimus<
820 1060 1055 1124 quoniam
1110 1076 1209 1108 non
1249 1071 1326 1108 est
1373 1060 1496 1131 deus
1540 1073 1706 1124 preter
1748 1073 1798 1111 te
1840 1062 2072 1120 domine,

263 1143 454 1192 Innoba
478 1143 650 1209 signat
673 1155 722 1193 et
748 1144 937 1193 inmuta
962 1144 1234 1201 mirabilia„
1265 1139 1502 1193 Glorifica
1523 1139 1754 1194 manum(
1778 1157 1827 1195 et
1853 1146 2073 1195 bracium

254 1228 520 1284 dextrum„
2106 1252 2145 1275 10
2212 1278 2216 1290 ,-

326 1318 508 1367 Excita
549 1318 793 1368 furoremae
842 1331 891 1367 et
934 1318 1132 1368 effunde
1174 1319 1328 1376 iram„
1374 1318 1577 1368 Extolle
1619 1320 1960 1369 aduersarium
1988 1359 1998 1369 .
2027 1333 2076 1369 et

255 1403 439 1468 adflige
465 1403 746 1460 inimicum,

324 1487 531 1536 Festina
556 1500 753 1552 tempus
790 1500 838 1538 et
866 1500 1118 1537 memento
1144 1488 1284 1537 finis<
1323 1487 1329 1554 Ι
1362 1493 1461 1549 416
1492 1488 1499 1554 Ι
1533 1500 1586 1538 ut
1611 1502 1844 1539 enarrent
1871 1507 2074 1556 magna-

255 1570 321 1619 lia
340 1582 454 1628 tua„
1835 1623 1840 1628 .

331 1656 389 1704 In
416 1657 486 1704 ira
512 1657 709 1706 flamme
735 1658 1038 1707 deuorentur
1062 1658 1145 1722 qui
1174 1657 1458 1706 salbanturc
1492 1669 1540 1707 et
1566 1658 1648 1722 qui
1676 1659 1951 1723 pessimant
1976 1660 2077 1724 ple·
2106 1678 2143 1714 15

259 1741 373 1790 bern
401 1753 535 1790 tuam
563 1742 818 1792 inueniant
843 1743 1235 1807 perdicdonem„

327 1825 546 1876 Contere
588 1839 735 1891 caput
774 1827 1048 1891 principum
1094 1827 1374 1891 iniquorum
1400 1827 1671 1876 dicentium
1716 1843 1815 1876 non
1842 1840 1918 1877 est
1956 1828 2078 1877 alius

259 1921 424 1974 preter
449 1927 569 1967 nos„

326 1994 596 2060 Congrega
620 2011 794 2044 omnes
815 1995 971 2043 tribus
997 1995 1139 2044 iacob
1163 2007 1213 2044 et
1238 2006 1573 2061 cmgnoscant
1589 1996 1706 2060 quia
1732 2013 1832 2045 non
1859 2007 1935 2045 est
1954 1997 2078 2046 deus

255 2077 349 2126 nisi
391 2089 443 2127 tu
470 2090 522 2127 ut
561 2090 792 2128 enarrent
825 2079 1072 2145 magnalia
1115 2092 1227 2129 tuas.
1260 2091 1310 2129 et
1334 2079 1637 2129 hereditauis
1680 2098 1767 2130 eos
1810 2081 1937 2131 sicut
1979 2082 2077 2131 hab
2102 2104 2146 2129 20

256 2161 428 2220 initio„

323 2251 568 2301 Miserere
593 2252 724 2317 pleui
761 2265 876 2302 tuae
900 2271 1051 2318 super
1074 2272 1223 2319 quarn
1259 2255 1543 2304 inuocaturn
1571 2267 1646 2304 est
1690 2273 1872 2306 nomen
1900 2268 2069 2306 tuum<

251 2346 301 2383 et
327 2335 489 2385 srahel
515 2353 664 2400 quem
690 2338 986 2402 quoequasti
1012 2339 1349 2404 primogenito
1376 2350 1492 2396 tu0.‚

323 2425 568 2475 Miserere
622 2427 808 2476 ciuitati
852 2427 1258 2477 sanctificationis
1307 2441 1420 2477 tuae
1469 2429 1767 2479 iherusalem
1817 2432 2072 2481 ciuitatem

253 2508 439 2572 requiei
466 2521 579 2567 tue.,
614 2511 772 2575 Reple
798 2530 923 2577 syon
945 2513 1356 2562 inenarrabilibus
1382 2514 1649 2564 uirtutibus
1677 2517 1802 2565 tuisa
1836 2529 1885 2566 et
1918 2517 2076 2583 gloria
2100 2546 2142 2582 25

255 2603 339 2640 tua
363 2593 601 2658 populum
623 2607 792 2653 tuum„
945 2608 948 2610 ’

327 2682 408 2730 Da
444 2684 782 2749 testimonium
826 2688 911 2752 qui
936 2689 999 2736 ab
1037 2689 1177 2738 initio
1210 2701 1436 2738 creatura
1478 2702 1563 2740 tua
1600 2704 1744 2741 sunta
1801 2704 1851 2742 et
1891 2694 2076 2742 suscita

255 2765 632 2830 deprecationes
658 2807 668 2818 .
696 2767 717 2836 ΙΙ
737 2788 860 2834 quas
886 2771 1035 2821 locuti
1061 2785 1175 2821 sunt
1196 2773 1243 2820 in
1263 2773 1464 2822 nomine
1481 2786 1567 2823 tuo
1588 2777 1833 2841 prophete
1850 2777 2070 2842 priores,

326 2857 408 2905 Da
427 2860 708 2909 mercedem
734 2862 1094 2910 sustinentibus
1121 2874 1169 2910 te
1192 2874 1243 2910 ut
1263 2862 1507 2926 prophete
1534 2866 1602 2913 tui
1623 2865 1796 2915 fideles
1818 2867 2072 2915 inuenian-

256 2952 362 2989 turc
394 2955 444 2991 et
470 2945 707 2994 exaudies
733 2931 983 2995 orationes
1009 2948 1267 2996 serborum
1296 2960 1523 3004 tuorum,
2098 2972 2142 3005 30

324 3031 609 3082 Secundum
636 3035 1034 3087 benedictionem
1061 3056 1180 3087 aron
1206 3039 1270 3086 da
1295 3040 1480 3104 populo
1505 3052 1620 3089 tuos.
1653 3054 1702 3091 et
1727 3041 1888 3109 dirige
1916 3060 2005 3090 nos
2024 3042 2070 3089 in

258 3115 389 3165 uiam
416 3117 661 3177 iustitiae„

362 3258 394 3282 27
407 3255 538 3278 creature
549 3260 622 3279 corr.
