2554 3658
512 338 603 384 180
1161 351 1214 382 IN
1254 350 1450 383 u1G1L1A
1486 350 1649 382 PASCE.

571 465 673 514 Sed
714 477 763 514 et
803 465 867 514 de
910 464 1194 513 uolatilibus
1242 463 1392 511 caeli<
1447 474 1658 526 septena
1698 474 1906 526 septena
1949 461 2222 510 masculum
2265 474 2316 511 et

503 550 738 598 feminam
767 561 818 598 ut
842 549 1063 598 salbetur
1088 565 1259 596 semen
1286 564 1435 610 super
1461 547 1637 595 faciem
1662 547 1892 595 uniuersa
1916 558 2108 602 terrae„

570 633 752 681 Adhuc
778 633 909 682 enim
953 645 1004 680 et
1047 644 1159 695 post
1202 631 1310 679 dies
1348 643 1571 694 septem(
1605 648 1702 696 ego
1745 630 1910 694 pluam
1954 646 2103 694 super
2136 641 2318 678 terram

502 717 833 781 quadraginta
869 717 1046 764 diebus
1080 714 1086 780 Ι
1120 720 1213 776 263
1249 714 1254 781 Ι
1287 727 1337 763 et
1375 715 1707 779 quadraginta
1751 714 2007 762 noctibus(
2053 726 2102 762 et
2139 714 2318 763 delebo

458 819 477 854 5
501 817 702 850 omnem
728 800 1057 848 substantiam
1085 817 1233 863 quarn
1262 799 1383 847 feci<
1416 800 1479 847 de
1504 816 1654 862 super
1679 798 1854 846 faciem
1879 810 2068 852 terrae„

573 885 733 932 FECIT
760 900 892 931 ERGO
921 890 1051 932 ΝΘΕ]
1083 884 1252 932 onmia
1276 901 1404 947 quae
1432 884 1756 931 mandauerat
1780 882 1824 930 ei
1849 883 2111 939 dominus„

571 969 795 1032 Eratque
837 980 1190 1016 sexcentorum
1233 982 1505 1015 annorums.
1538 967 1740 1031 quando
1766 966 1954 1015 dillubii
1997 984 2152 1031 aquas
2178 967 2317 1015 inun-

501 1054 747 1102 daberunt
773 1068 922 1116 super
947 1063 1164 1108 terram„
1210 1110 1211 1114 Ἰ
2201 1059 2206 1062 ·

571 1138 640 1186 Et
680 1138 934 1202 ingressus
978 1148 1054 1184 est
1098 1153 1193 1184 noe
1233 1148 1282 1184 et
1322 1135 1405 1183 filii
1447 1135 1580 1184 eiusx·
1632 1135 1792 1183 huxor
1833 1135 1968 1184 eius<
2015 1147 2065 1184 et
2103 1135 2320 1210 huxores

437 1242 476 1265 10
500 1222 712 1271 filiorum
739 1221 844 1270 eius
871 1238 982 1269 cum
1010 1237 1070 1268 eo
1098 1221 1144 1267 in
1172 1234 1366 1267 arcam!
1399 1231 1601 1283 propter
1628 1236 1781 1283 aquas
1808 1218 2029 1276 dillubii,

569 1310 652 1359 De
677 1309 1014 1358 animantibus
1057 1325 1258 1372 quoque
1299 1308 1526 1357 mundis<
1560 1321 1610 1356 et
1647 1308 1944 1358 immundisx·
1991 1321 2041 1358 et
2077 1310 2140 1357 de
2184 1309 2321 1357 bolu-

499 1395 662 1443 eribus
688 1411 750 1442 ex
776 1393 912 1441 omni
940 1392 1075 1456 quod
1101 1392 1332 1440 mobetur
1357 1409 1506 1455 super
1544 1404 1701 1440 terrac
1750 1393 1850 1441 duo
1877 1405 1926 1441 et
1962 1393 2062 1442 duo
2096 1394 2321 1458 ingressa

499 1490 642 1527 sunta
689 1478 751 1526 ad
802 1493 898 1526 noe
941 1477 989 1525 in
1033 1487 1146 1524 arca
1195 1475 1443 1524 masculus
1486 1488 1534 1524 et
1578 1477 1762 1525 femina
1805 1516 1814 1526 .
1860 1479 1986 1527 sicut
2029 1490 2319 1543 preceperat

498 1563 730 1611 dominus
756 1579 883 1618 noe.,
913 1561 1186 1625 Quumque
1229 1561 1497 1610 transisent
1536 1574 1730 1625 septem
1773 1563 1910 1611 diest
1960 1581 2088 1627 aque
2126 1562 2316 1611 dillubii

436 1666 472 1700 15
499 1648 865 1697 inundaberunt
914 1663 1063 1710 super
1116 1657 1329 1701 terram„
1374 1646 1539 1694 Anno
1586 1648 1952 1696 sexcentesimo
2002 1648 2131 1696 uitae
2181 1665 2304 1697 noe<

500 1752 671 1783 mense
694 1731 712 1800 ΙΙ
736 1733 956 1782 secundo
998 1731 1213 1795 septimo
1251 1731 1445 1780 decimo
1470 1732 1551 1780 die
1595 1733 1806 1809 mensis<
1841 1733 1968 1796 rupti
1994 1744 2110 1780 sunt
2134 1749 2309 1781 omnes

502 1819 665 1868 fontes
689 1814 841 1866 abissi
868 1830 1080 1881 magnes
1114 1828 1163 1864 et
1188 1827 1435 1864 cateraete
1461 1816 1582 1864 caeli
1608 1804 1780 1880 aperte
1805 1829 1950 1874 sunt„

573 1910 641 1958 Et
667 1909 795 1957 facta
821 1919 895 1955 est
922 1906 1091 1970 plubia
1115 1924 1266 1971 super
1290 1919 1500 1956 terrama
1517 1907 1863 1971 quadraginta
1902 1908 2077 1956 diebus
2110 1919 2159 1956 et
2197 1925 2316 1971 qua-

501 1994 733 2060 draginta
760 1992 1019 2048 noctibus„

436 2101 478 2124 20
575 2080 632 2131 In
658 2076 866 2127 articulo
892 2076 989 2125 diei
1017 2075 1173 2142 illius-4

575 2165 839 2229 Ingressus
881 2172 957 2209 est
1002 2177 1097 2208 noe
1135 2198 1144 2208 .
1183 2177 1287 2208 sem
1316 2199 1324 2208 .
1353 2160 1498 2208 cham
1527 2199 1535 2208 .
1564 2172 1614 2208 et
1653 2160 1821 2224 iaphet
1847 2198 1856 2209 .
1885 2160 1971 2209 filii
2014 2161 2119 2209 eius
2157 2162 2317 2210 huxor

503 2248 657 2296 illiuss.
691 2258 741 2294 et
766 2245 981 2293 huxores
1007 2243 1217 2291 filiorum
1245 2243 1351 2291 eius
1376 2260 1488 2291 cum
1515 2261 1574 2292 eo
1602 2244 1649 2291 in
1676 2261 1871 2301 arcam,

574 2337 676 2401 Ipsi
725 2347 774 2384 et
822 2351 971 2383 omne
1019 2332 1199 2381 animal
1248 2322 1520 2381 secundum
1569 2350 1729 2398 genus
1788 2352 1931 2382 suum
1991 2335 2318 2399 uniuersaque

503 2423 722 2470 iumenta
747 2421 973 2483 ingenus
998 2434 1141 2466 suum
1168 2456 1177 2465 .
1206 2429 1255 2465 et
1280 2434 1429 2465 omne
1471 2418 1604 2481 quod
1631 2419 1862 2491 mobetur
1885 2436 2034 2482 super
2058 2431 2240 2468 terram
2267 2421 2315 2468 in

439 2525 479 2560 25
504 2523 689 2571 genere
714 2519 834 2572 suo<
867 2515 1146 2566 cunctaque
1173 2502 1390 2550 uolatilia
1416 2503 1687 2550 secundum
1714 2520 1873 2568 genus
1899 2521 2073 2560 suum,

578 2596 859 2644 Uniuersae
902 2594 1021 2641 abes
1060 2609 1337 2655 omnesque
1379 2591 1603 2639 uolucres
1643 2592 1866 2656 ingresse
1893 2605 2006 2641 sunt
2040 2594 2101 2641 ad
2134 2612 2230 2643 noe
2267 2595 2315 2642 in

505 2695 697 2729 arcams.
765 2679 881 2727 bina
927 2689 977 2726 et
1031 2677 1146 2724 bina
1199 2694 1261 2723 ex
1310 2676 1445 2723 omni
1494 2680 1670 2724 carne?
1716 2676 1763 2723 in
1813 2694 1912 2740 qua
1960 2690 2065 2726 erat
2113 2679 2314 2742 spiritus

506 2764 667 2818 uitae,

578 2852 645 2899 Et
670 2868 797 2914 quae
837 2851 1061 2922 ingressa
1086 2844 1199 2898 sunt
1243 2849 1489 2898 masculus
1532 2862 1581 2898 et
1621 2850 1832 2899 faemina
1872 2868 1935 2899 ex
1972 2851 2107 2899 omni
2134 2869 2307 2901 carne<

441 2956 483 2988 30
508 2937 800 2984 introierunt
826 2935 952 2983 sicut
994 2947 1284 2998 preceperat
1323 2935 1367 2983 ei
1411 2935 1562 2982 deuss-
1603 2946 1652 2982 et
1695 2934 1890 2982 inclusit
1932 2953 2044 2983 eum
2087 2936 2317 2984 dominus

506 3022 629 3070 deus
655 3020 718 3068 de
755 3019 901 3075 foris,
939 3018 944 3084 Ι
980 3023 1074 3079 264
1108 3017 1114 3083 Ι

579 3111 889 3172 Factumque
929 3120 1004 3156 est
1043 3107 1300 3155 dillubium
1344 3107 1675 3171 quadraginta
1712 3107 1888 3156 diebus
1913 3120 1963 3156 et
1988 3108 2317 3174 quadraginta

610 3253 624 3269 2
638 3242 767 3269 uniuerse
781 3241 848 3267 add.
865 3249 958 3274 marg.
1034 3250 1065 3273 23
1079 3239 1240 3273 uniuersaq.
1257 3239 1274 3266 i.
1291 3239 1307 3266 i.
1321 3248 1348 3272 g.
1365 3249 1433 3266 suus
1445 3240 1567 3272 supplet.
1583 3240 1613 3266 in
1628 3249 1720 3272 marg.
1794 3250 1824 3273 25
1837 3240 1954 3267 uolatile
1967 3250 2059 3267 manu
2072 3242 2179 3268 seriori
