2554 3658
514 338 608 394 326
1082 353 1361 386 LECTIONES
1399 355 1745 388 LETANIARUM.

579 463 659 510 Tu
686 462 822 510 enim>
842 475 984 527 pater
1023 476 1191 513 noster
1217 466 1465 514 redemtor
1491 477 1660 514 noster
1684 484 1712 514 a
1737 467 1903 515 seculo
1930 485 2110 516 nomen
2148 481 2316 526 tuum„

580 545 748 607 Quare
773 564 934 595 errare
979 566 1069 596 nos
1095 549 1251 596 fecisti
1279 549 1479 597 domine
1520 549 1584 597 de
1611 549 1700 597 uiis
1728 551 1851 599 tuisx·
1885 563 1934 599 et
1971 551 2208 601 indurasti
2234 570 2319 602 cor

511 642 732 678 nostrum
760 648 822 679 ne
846 631 1132 680 timeremus
1167 634 1245 688 te„

576 713 882 762 Conuertere
923 726 1124 777 propter
1160 702 1332 763 serbos
1374 727 1483 763 tuos
1511 715 1666 763 tribus
1711 716 1998 766 hereditatis
2025 731 2137 767 tuae
2179 720 2318 782 quasi

466 812 482 846 5
509 796 705 845 nicilum
750 798 1066 861 possiderunt
1093 797 1328 860 populum
1363 810 1587 847 sanctum
1615 810 1781 846 tuum<
1829 800 1998 849 hostes
2025 803 2178 849 nostri
2204 819 2317 850 con-

507 880 823 929 culcaberunt
850 881 1291 929 sanctificationem
1321 894 1487 937 tuam.,

579 965 717 1012 Facti
761 981 929 1011 sumus
956 964 1094 1027 quasi
1139 965 1185 1011 in
1219 966 1458 1029 principio
1491 970 1497 1031 Ι
1529 980 1624 1027 427
1660 967 1665 1032 Ι
1697 985 1804 1015 cum
1852 985 1948 1017 non
1993 970 2318 1018 dominareris

509 1049 690 1096 nostris.
725 1065 885 1111 neque
930 1048 1242 1096 inuocaretur
1268 1066 1448 1097 nomen
1476 1062 1613 1098 tuum
1640 1069 1788 1114 super
1814 1069 1936 1109 nos.,
1987 1053 2192 1101 Utinam
2220 1054 2316 1101 dis-

508 1150 760 1196 rumperes
781 1131 942 1180 caelos
963 1144 1012 1180 et
1038 1132 1368 1182 descenderes
1396 1173 1405 1182 .
1434 1147 1483 1183 et
1500 1136 1670 1184 affacie
1688 1148 1770 1184 tua
1796 1148 1990 1184 montes
2007 1136 2312 1194 defluerent„
2334 1187 2338 1190 Α

446 1236 484 1259 ιο
509 1217 646 1264 Sicut
683 1217 876 1264 exustio
920 1216 1048 1281 ignis
1076 1217 1386 1266 tabescerent
1422 1219 1585 1282 adque
1613 1219 1843 1268 arderent
1886 1220 2016 1285 igni<
2050 1232 2102 1268 ut
2144 1232 2314 1269 notum

508 1301 645 1349 fieret
667 1317 846 1348 nomen
867 1311 1005 1347 tuum
1027 1301 1235 1348 inimicis
1261 1302 1356 1349 tuis
1374 1314 1422 1350 et
1443 1303 1643 1351 affaciae
1663 1315 1746 1351 tua
1772 1315 1948 1368 gentes
1966 1304 2313 1361 turbarentur„

575 1386 701 1433 Cum
729 1385 902 1433 feceris
929 1385 1197 1432 mirabilia<
1232 1402 1330 1433 non
1356 1386 1744 1442 sustinebimus,

578 1467 923 1515 Descendisti<
957 1479 1006 1516 et
1031 1467 1202 1516 affacie
1228 1480 1311 1517 tua
1338 1482 1531 1518 montes
1566 1471 1910 1527 defluxerunt,

574 1553 622 1600 A
647 1552 813 1601 seculo
842 1570 938 1600 non
966 1553 1255 1601 audieruntc
1289 1570 1450 1617 neque
1476 1555 1674 1612 auribus
1700 1566 2059 1618 perceperunt„

445 1654 481 1690 ιε
574 1636 762 1685 Oculus
790 1653 887 1684 non
916 1636 1036 1684 uidit
1062 1637 1425 1704 deumqabsque
1451 1649 1527 1686 te<
1555 1655 1682 1701 quae
1710 1637 1978 1701 preparasti
2007 1676 2016 1685 .
2046 1649 2310 1701 expectan-

507 1721 635 1768 tibus
656 1733 704 1769 te
730 1721 981 1768 occurristi
1009 1720 1180 1769 letanti
1206 1732 1255 1769 et
1281 1721 1478 1770 facienti
1506 1722 1769 1770 iustitiams.
1803 1722 1851 1769 in
1879 1721 2120 1778 uiistuis,
2152 1738 2309 1770 recor-

504 1806 754 1854 dabuntur
779 1805 879 1861 tui,
1968 1857 1970 1860 ,

574 1891 706 1938 Ecce
744 1902 795 1938 tu
822 1890 972 1938 iratus
998 1906 1087 1937 es.
1117 1901 1166 1937 et
1201 1905 1290 1937 nos
1316 1889 1667 1952 peccabimus
1657 1907 1704 1936 in
1732 1890 1849 1953 ipsis
1876 1890 2056 1939 fuimus
2080 1890 2315 1993 semperfl

504 1986 551 2021 et
578 1974 907 2022 salbabimuss.
941 1985 991 2022 et
1017 1973 1130 2021 facti
1156 1990 1326 2021 sumus
1353 1984 1404 2021 ut
1439 1973 1661 2021 inmundi
1688 1991 1862 2022 omnes
1890 1990 2009 2030 nos„

438 2081 480 2104 20
572 2057 728 2120 Quasi
773 2060 966 2121 pa'nnus
993 2048 1297 2105 menstruate
1340 2057 1570 2105 uniuerse
1598 2057 1811 2105 iustitiae
1839 2069 2036 2105 nostrae
2062 2057 2311 2106 etvcecidi-

504 2159 611 2189 mus
637 2143 777 2204 quasi
820 2141 989 2189 folium
1018 2141 1235 2189 uniuersi
1261 2179 1270 2188 .
1299 2152 1349 2189 et
1393 2140 1677 2204 iniquitates
1704 2153 1901 2189 nostrae
1943 2141 2082 2204 quasi
2110 2152 2312 2189 uentum

502 2224 810 2272 abstulerunt
849 2241 969 2281 nos.,
2300 2212 2303 2215 .

574 2309 692 2356 Non
746 2320 821 2356 est
854 2294 953 2371 >qui
1009 2308 1204 2356 inuocet
1256 2325 1437 2356 nomen
1460 2320 1643 2356 'tuumc
1693 2324 1782 2355 nec
1824 2308 1906 2370 qui
1947 2320 2214 2372 consurgat
2263 2319 2312 2355 et

503 2404 639 2440 tenat
668 2405 744 2442 te..

435 2497 475 2531 25
568 2474 891 2522 Abscondisti
935 2474 1107 2522 faciem
1136 2486 1269 2522 tuam
1296 2492 1323 2522 a
1349 2475 1491 2522 nobis
1518 2512 1527 2522 .
1556 2487 1606 2523 et
1649 2474 1835 2522 allisisti
1870 2491 1961 2521 nos
1988 2474 2035 2521 in
2080 2473 2308 2522 manibus

501 2558 771 2621 iniquitatis
799 2569 997 2613 nostre,

569 2642 636 2689 Et
663 2659 791 2689 nune
834 2642 1035 2690 domine
1062 2654 1202 2705 pater
1229 2654 1396 2689 noster
1421 2658 1475 2689 es
1514 2653 1566 2689 tu
1594 2658 1682 2689 nos
1718 2658 1835 2689 uero
1860 2640 2016 2689 lutum
2059 2652 2109 2689 et
2134 2640 2312 2689 finctor

500 2737 667 2773 noster
692 2743 745 2773 es
788 2737 839 2773 tu
867 2737 915 2773 et
941 2742 1093 2788 opera
1137 2742 1336 2773 manum
1365 2736 1558 2772 tuarum
1592 2742 1765 2773 omnes
1810 2742 1929 2780 nos.,
1964 2725 2045 2773 Ne
2085 2725 2313 2773 irascaris

498 2809 698 2858 domine
723 2809 870 2857 satiss.
903 2820 952 2858 et
979 2826 1041 2857 ne
1066 2809 1193 2856 ultra
1236 2809 1520 2874 memineris
1563 2808 1847 2871 iniquitates
1870 2842 1872 2844 ·
1893 2821 2115 2878 nostras„
2161 2825 2307 2856 amen

432 2965 474 2998 30
567 2954 800 2993 LECTIO
846 2954 1055 2992 LIBRI<
1108 2953 1313 2993 ESAYE
1358 2952 1749 2992 PROPHETAE
1790 2980 1802 2993 .
1847 2940 2057 2995 HAEC
2093 2940 2303 2988 DICIT

502 3027 890 3083 DOMINUS„

564 3111 618 3158 Si
645 3112 959 3159 reuertamini
986 3123 1035 3159 et
1059 3111 1338 3175 quiescatis.
1387 3112 1555 3174 Supra
1592 3129 1735 3175 quere
1760 3111 1812 3158 z'n
1841 3109 2098 3157 ebdomada
2132 3108 2305 3171 prima

423 3212 425 3214 ·
491 3194 550 3244 de
575 3194 701 3243 XLa
727 3234 734 3241 .
767 3194 912 3241 lllla
923 3194 1081 3255 feria.
