2554 3658
484 343 547 389 80
702 336 704 339 -
910 352 988 390 U'Ia
1025 358 1175 389 FERIA
1213 359 1267 389 IN
1307 347 1870 392 SECUNDA'EBDOMADA.

554 470 655 533 Ipsi
682 488 771 518 uos
797 472 908 518 mici
953 473 1292 520 testimonium
1337 474 1602 535 peribetisc
1636 474 1767 535 quod
1813 473 2020 520 dixerim
2066 491 2162 538 ego
2198 492 2295 523 non
2365 470 2370 475 ’

481 571 589 601 sum
617 568 738 618 xps(
771 566 846 603 set
872 556 988 619 quia
1015 556 1194 604 missus
1221 573 1327 603 sum
1355 555 1664 613 ante-illum,
1712 556 1812 618 Qui
1840 557 1998 605 habet
2022 542 2287 622 sponsanic

481 655 696 701 sponsus
722 651 829 696 est.‚
867 637 873 704 Ι
912 654 1001 701 155
1036 639 1041 705 Ι
2230 694 2233 697 ,

549 721 755 776 Amicus
791 733 957 770 autem
1000 723 1171 785 sponsi
1197 723 1297 787 ¹qui
1342 735 1440 771 stat
1477 735 1531 772 et.
1550 724 1688 772 audit
1726 739 1868 772 eum<
1900 725 2084 790 gaudio
2109 727 2310 791 gaudet

437 831 454 864 5
482 816 686 868 propter
711 822 886 853 uocem
913 807 1115 868 sponsi„

554 889 667 936 Hoc
694 906 817 954 ergo
842 890 1077 953 gaudium
1108 908 1272 939 meum
1311 892 1549 957 inpletum
1577 899 1682 947 es't..

554 972 695 1020 Illum
741 985 937 1036 oportet
981 990 1231 1024 cresceres.
1279 994 1358 1025 me
1400 989 1565 1025 autern
1617 978 1800 1035 minui,
1849 978 1949 1040 Qui
1993 978 2056 1027 de
2099 995 2293 1026 sursum

483 1057 646 1104 uenits.
679 1074 826 1120 supra
851 1075 1026 1106 omnes
1052 1071 1128 1106 est

548 1141 647 1203 Qui
674 1153 750 1188 est
776 1141 838 1189 de
865 1153 995 1190 terra
1021 1142 1083 1190 de
1110 1155 1239 1191 terra
1265 1156 1369 1192 ests.
1402 1157 1452 1192 et
1477 1146 1541 1192 de
1568 1156 1697 1193 terra
1723 1144 1968 1210 loqu-itur„

415 1249 452 1272 10
546 1225 643 1287 Qui
672 1226 734 1274 de
760 1226 898 1274 caelo
924 1228 1060 1275 uenit
1085 1241 1235 1291 supra
1259 1245 1434 1277 omnes
1460 1241 1565 1276 estc
1610 1240 1658 1277 et
1695 1230 1829 1293 quod
1869 1229 1991 1277 uidit
2027 1242 2076 1278 et
2101 1230 2289 1278 audiuit

476 1309 568 1358 hoc
595 1322 830 1358 testatur<
864 1323 912 1359 et
940 1312 1277 1360 testimonium
1303 1312 1409 1361 eins
1436 1330 1583 1386 nemo
1606 1313 1813 1376 accipit„

543 1395 642 1457 Qui
668 1397 844 1460 accipit
869 1397 975 1445 eius
1002 1397 1339 1445 testimonium
1367 1398 1586 1462 signabit
1611 1398 1727 1462 quia
1751 1398 1874 1445 deus
1901 1414 2051 1445 uerax
2077 1409 2182 1454 est.‚

544 1479 707 1542 Quem
735 1481 866 1528 enirn
894 1481 1026 1528 misit
1051 1482 1204 1529 deus(
1237 1482 1390 1529 uerba
1415 1482 1495 1530 dei
1522 1481 1766 1546 loquitur„

546 1565 664 1612 Non
691 1565 822 1613 enirn
849 1566 910 1613 ad
937 1583 1221 1614 mensuram
1249 1566 1334 1613 dat
1359 1565 1484 1614 deus
1509 1566 1739 1629 spiritum-

413 1671 449 1705 ις
546 1649 693 1697 Pater
718 1649 880 1715 diligit
906 1649 1058 1697 filium
1086 1662 1135 1698 et
1160 1650 1328 1698 omnia
1352 1650 1490 1698 de'dit
1516 1650 1563 1697 in
1591 1668 1739 1698 manu
1767 1651 1903 1708 eius.,

542 1733 641 1796 Qui
669 1734 825 1782 credit
851 1732 1107 1782 in-filiums.
1141 1734 1292 1782 habet
1319 1734 1470 1782 uitam
1497 1747 1751 1791 eternam,
1781 1752 1925 1783 amen
1949 1732 1968 1801 ΙΙ

608 1897 959 1950 LEGENDUM
996 1940 1006 1950 .
1042 1897 1129 1951 UIa
1161 1898 1196 1950 F
1203 1898 1355 1951 ERIA
1386 1899 1471 1950 AD
1506 1898 1727 1951 NONAM
1762 1899 1824 1952 IN
1857 1900 2144 1953 SECUNDA

934 2002 1284 2055 EBDOMADA
1319 2003 1823 2066 QUADRAGESIME

606 2139 841 2179 LECTIO
870 2139 1094 2195 *LI-BRIA
1140 2140 1484 2195 IHEREMOE
1525 2116 1917 2195 PROPHETE.,
1957 2139 2090 2189 (XXV
2117 2138 2159 2190 5)

400 2298 442 2320 20
539 2269 744 2317 HAEC
771 2268 888 2315 dicit
914 2267 1176 2325 dominus„

515 2352 867 2402 'Reuertimini
896 2352 1235 2415 unusquisque
1261 2370 1288 2399 a
1315 2352 1394 2399 uia
1421 2369 1509 2399 sua
1534 2351 1662 2399 mala
1687 2390 1697 2401 .
1727 2364 1776 2400 et
1812 2370 1839 2400 a
1876 2354 2103 2416 pessimis
2142 2357 2272 2422 cogi-

467 2439 736 2490 tationibus
771 2437 980 2492 uestris„
1025 2436 1092 2483 Et
1126 2435 1413 2483 habitabitis
1452 2436 1498 2482 in
1527 2448 1657 2483 terra
1697 2453 1846 2499 quam
1873 2437 2009 2485 dedit
2045 2439 2275 2488 dominus

466 2523 607 2571 uobis
633 2534 682 2570 et
708 2521 929 2585 patribus
957 2520 1162 2567 uestrisae
1195 2537 1224 2567 a
1248 2519 1414 2567 seculo
1440 2531 1488 2567 et
1517 2537 1672 2583 usque
1698 2521 1747 2567 in
1784 2520 2033 2578 seculum„
2061 2540 2213 2573 amen

468 2668 776 2707 EPISTOLA
829 2666 1052 2706 IACOBI
1104 2664 1419 2704 APOSTOLI
1470 2665 1556 2702 AD
1609 2665 1958 2705 DUODECIM
1998 2667 2271 2721 TRIBUS„

394 2768 436 2801 25
1259 2735 1313 2787 <V
1347 2734 1480 2786 12-15)

533 2870 961 2921 KARISSIMIa
1013 2867 1162 2916 nolite
1207 2869 1366 2915 iurare
1409 2885 1571 2932 neque
1614 2886 1702 2932 per
1743 2868 1931 2916 caelum
1982 2888 2144 2934 neque
2185 2891 2274 2937 per

464 2970 673 3007 terrama
718 2972 879 3018 neque
917 2971 1005 3017 per
1040 2953 1159 3000 aliut
1201 2953 1552 3016 quodcumque
1589 2949 1948 3011 iuramentum„
1991 2955 2068 3003 Sit
2103 2970 2269 3006 autem

463 3042 668 3091 uerbum
695 3052 913 3087 uestrum
944 3075 952 3085 .
981 3049 1084 3085 estc
1118 3049 1222 3085 est<
1258 3052 1387 3084 nona
1421 3053 1548 3086 nonx·
1583 3049 1635 3084 ut
1673 3054 1771 3085 non
1809 3038 1901 3085 sub
1936 3039 2115 3087 iudicio
2142 3041 2269 3090 deci-

374 3175 376 3177 .
431 3163 438 3167 -
461 3127 618 3180 datis„
650 3124 901 3171 Tristatur
926 3121 1100 3184 aliquis
1126 3117 1374 3169 nestrum?
1396 3123 1530 3168 oret?
1555 3137 1685 3183 eqno
1705 3121 1871 3168 animo
1896 3133 1945 3168 et
1970 3123 2176 3185 spallat„

528 3268 559 3292 29
572 3255 675 3290 aliquis
688 3264 701 3282 s
713 3254 781 3281 add.
797 3261 812 3279 2
826 3261 917 3279 mann
