2554 3658
0 2963 15 3163 *w--v—u-qv
0 2862 3 2918 vr*
0 2745 3 2805 2—‹v
0 2671 3 2678 ἡ

896 361 1148 394 HOMILIAE
1184 360 1500 394 TOLETANAE.
1999 360 2096 404 4¹9

283 503 285 506 .
343 475 367 517 f.
398 486 479 530 170
503 477 631 516 Item
652 477 891 515 decimus.
918 476 1077 518 Dicam
1096 475 1215 530 quod
1238 475 1395 525 sentio,
1408 474 1564 517 fratres
1587 474 1686 526 mei,
1700 480 1744 516 et
1761 475 1881 528 quod
1904 474 2094 515 dixerim

288 578 394 587 ......
420 551 591 600 partem
615 546 657 587 in
683 558 820 600 regno
842 546 947 589 eius.
971 546 1076 600 Ipso
1097 550 1364 600 praestante,
1386 550 1467 587 etc.

342 670 366 712 f.
390 681 463 723 171
495 673 623 710 Item
642 672 957 711 undecimus.
980 671 1084 712 Non
1107 670 1274 720 dubito,
1297 669 1574 711 dilectissimi
1596 660 1763 721 fratres,
1796 670 1976 712 insitum
2001 684 2095 711 esse

281 740 488 782 cordibus
530 742 687 783 uestris
723 741 929 783 timorem
964 741 1036 783 dei
1073 772 1178 782 ......
1223 728 1498 795 praeparetis
1532 740 1793 795 praemium.
1831 740 2097 782 Auxiliante

281 823 375 864 xpo
398 815 478 852 etc.

335 935 407 974 Est
429 934 638 985 Augustini
659 947 789 975 sermo
811 937 889 987 348
919 948 942 976 a
962 934 1149 976 Caesario
1169 934 1430 982 abbreviatus,
1453 946 1499 973 ac
1520 935 1626 974 brevi
1661 935 1922 976 conclusione
1942 943 2092 976 auctus.

340 1056 366 1098 f.
394 1067 471 1110 173
500 1058 572 1097 De
587 1058 780 1106 piscina
799 1059 937 1107 syloa
953 1086 962 1097 .
981 1059 1094 1098 XII.
1119 1057 1274 1100 Lectio
1307 1058 1449 1100 sancti
1473 1057 1706 1112 euangelii,
1737 1059 1811 1114 qui
1834 1059 1891 1100 de
1924 1059 2094 1113 piscina

280 1125 407 1179 syloa
427 1126 635 1181 loquitur,
651 1127 807 1170 fratres
829 1127 1049 1170 karissimi
1067 1160 1173 1170 ......
1191 1134 1235 1169 et
1257 1127 1384 1169 uobis
1401 1128 1722 1190 praeparauitis
1740 1142 1925 1182 regnum
1945 1144 1953 1169 :
1970 1129 2093 1170 adiu-

283 1194 418 1237 bante
439 1196 637 1248 domino,
659 1203 741 1240 etc.

337 1322 506 1363 Ineditis
527 1323 702 1364 Caesarii
731 1323 1023 1375 scriptiunculis
1053 1323 1388 1364 adnumerandus.

338 1445 366 1487 f.
394 1455 468 1499 175
499 1447 571 1486 De
592 1447 916 1486 tribulatione
946 1474 955 1484 .
988 1446 1130 1485 XIII.
1169 1445 1330 1488 Omnis
1366 1445 1504 1487 homo
1541 1446 1582 1487 in
1622 1444 1911 1487 tribulatione
1947 1444 2095 1499 aliqua

281 1515 549 1557 constitutus
575 1548 679 1557 ......
706 1516 941 1558 consilium
963 1515 1211 1569 corrigendi
1234 1548 1242 1557 .
1266 1515 1372 1569 Ipso
1394 1521 1662 1569 praestante,
1682 1520 1763 1557 etc.

335 1636 507 1677 Constat
527 1635 700 1675 frustulis
720 1648 768 1675 ex
789 1648 973 1677 sermone
993 1635 1204 1687 Augustini
1231 1638 1283 1675 60
1302 1635 1512 1687 decerptis.

337 1754 364 1796 f.
391 1755 491 1807 176v
514 1755 587 1794 De
608 1754 845 1802 operibus
864 1753 1234 1792 misericordiae
1254 1781 1264 1791 .
1286 1753 1441 1792 XIIII
1465 1781 1474 1791 .
1495 1753 1626 1806 Rogo
1655 1765 1747 1803 u05‚
1769 1752 1924 1794 fratres
1956 1753 2093 1795 karis-

281 1823 394 1874 simi,
411 1823 756 1865 misericordi'am
776 1836 1020 1878 pauperum
1043 1855 1148 1865 ......
1169 1822 1332 1865 elebari
1352 1828 1605 1865 mereantur
1621 1821 1665 1863 in
1680 1821 1814 1863 eaelo.
1834 1821 2094 1864 Adiubante

283 1893 480 1944 domino,
502 1899 584 1934 etc.

342 2014 366 2056 s.
395 2015 473 2067 178
499 2014 571 2053 De
588 2013 889 2052 aelemosina
909 2040 918 2050 .
940 2013 1029 2052 XU
1053 2039 1062 2050 .
1087 2012 1319 2055 Admonet
1340 2013 1548 2055 dominus
1570 2025 1650 2067 per
1671 2012 1907 2055 lectionem
1932 2027 2092 2055 aeuan-

280 2083 482 2136 gelicam,
504 2082 660 2124 fratres
683 2081 915 2132 karissimi,
936 2082 1077 2124 Petite
1099 2088 1142 2124 ct
1157 2083 1335 2125 dauitur
1349 2083 1475 2124 uobis
1502 2115 1607 2124 ......
1634 2083 1785 2123 omnia
1809 2084 1976 2125 munda
1991 2090 2092 2124 sunt

279 2153 419 2194 uobis.
444 2152 575 2206 Quod
600 2152 692 2205 ipse
715 2155 940 2206 praestare
958 2150 1175 2204 dignetur.

335 2272 358 2313 f.
389 2283 468 2324 179
486 2274 659 2311 Sermo
675 2271 832 2309 sancti
847 2271 1073 2317 Agustini
1097 2271 1159 2308 de
1178 2271 1434 2319 quotidiae
1455 2298 1464 2307 .
1488 2271 1605 2309 XUI
1630 2297 1639 2307 .
1664 2270 1796 2324 Rogo
1819 2285 1910 2322 u05,
1938 2271 2091 2313 fratres

276 2341 508 2391 karissimi,
530 2347 580 2382 ut
613 2341 805 2382 atentius
828 2341 1076 2393 cogitemus
1112 2352 1249 2393 quare
1272 2339 1485 2392 xpistiani
1509 2352 1661 2381 sumus
1689 2373 1794 2382 ......
1822 2343 2091 2395 peruenietis

274 2411 330 2452 ad
353 2411 523 2452 domini
547 2411 685 2452 nostri
709 2410 832 2450 ihesu
858 2407 938 2462 xpi
961 2404 1160 2463 regnum.
1182 2408 1269 2463 Qui
1294 2409 1416 2458 uiuit,
1438 2415 1520 2450 etc.

329 2531 468 2570 Sermo
488 2531 659 2581 append.
684 2527 895 2579 Augustini
918 2530 991 2578 265
1011 2540 1093 2567 non
1113 2527 1198 2566 sine
1218 2529 1342 2567 multa
1362 2528 1557 2569 varietate.
1592 2531 1641 2569 In
1662 2543 1711 2570 eo
1733 2532 1853 2571 etiam
1889 2531 2090 2573 invenitur

277 2598 367 2637 pars
387 2585 498 2624 haud
520 2583 686 2623 minima
706 2582 900 2623 sermonis
921 2581 1100 2622 eiusdem
1123 2582 1293 2632 append.
1320 2596 1407 2632 292.

331 2702 358 2745 f.
387 2703 463 2754 185
490 2702 663 2741 Sermo
704 2700 860 2738 sancti
892 2698 1119 2746 Agustini
1154 2698 1386 2746 episcopi.
1420 2698 1596 2740 Fratres
1631 2699 1863 2752 karissimi,
1901 2704 2006 2756 quid
2043 2704 2084 2745 in

275 2771 403 2813 uobis
424 2776 552 2813 tanta
573 2770 751 2825 pigritia
775 2803 782 2811 .
805 2776 854 2811 ut
875 2769 931 2809 ad
955 2768 1140 2809 domum
1163 2767 1234 2808 dei
1258 2768 1440 2808 minime
1463 2767 1688 2822 uigiletis?
1714 2802 1820 2812 ......
1847 2771 2020 2815 habitat
2043 2774 2084 2814 in

272 2839 412 2882 uobis.
433 2839 596 2880 Amen.

326 2959 386 2996 Ex
401 2965 511 3009 parte
531 2956 719 2996 convenit
739 2970 830 2995 cum
853 2968 1036 2996 sermone
1066 2957 1130 2994 De
1158 2956 1273 2994 mt‘ssa
1293 2957 1485 2994 cotidiana
1508 2971 1629 3008 quern
1651 2961 1696 2998 A.
1723 2961 1858 3000 Maius
1888 2964 2085 3014 evulgavit

273 3012 442 3064 (Migne‚
461 3024 523 3061 47,
551 3010 682 3062 1147).
707 3012 898 3050 Notanda
917 3018 1009 3049 sunt
1040 3010 1158 3049 verba
1178 3010 1276 3048 haec
1306 3010 1357 3049 de
1379 3011 1569 3061 temporis
1602 3013 1742 3064 spatio,
1779 3017 1890 3065 quod
1914 3018 2084 3067 publicis

273 3066 457 3116 precibus
477 3066 597 3105 etiam
618 3079 640 3104 a
663 3065 771 3104 laicis
791 3067 888 3104 olim
911 3065 1218 3115 impendebatur
1237 3079 1244 3101 :

329 3131 351 3161 «
374 3122 424 3159 Et
444 3121 581 3170 utique
603 3119 807 3170 xpistiane,
830 3133 910 3158 non
931 3118 1003 3158 tibi
1029 3117 1184 3164 dicitur,
1207 3126 1249 3156 ut
1278 3118 1330 3157 ad
1358 3119 1525 3158 domum
1546 3120 1611 3160 dei
1631 3122 1742 3160 omni
1763 3136 1832 3162 ora
1853 3127 2079 3165 conuenias.

277 3183 298 3215 4(
319 3174 360 3214 Si
390 3176 430 3213 in
451 3173 667 3222 matutinis,
691 3173 754 3214 vix
781 3187 792 3212 ι
827 3186 895 3213 ora
914 3181 982 3212 est.
1007 3172 1048 3213 Si
1076 3173 1117 3211 in
1138 3172 1303 3212 diaebus
1323 3172 1554 3222 festissimis,
1586 3174 1652 3214 uix
1683 3176 1789 3216 duae
1821 3190 1888 3218 ore
1923 3187 2027 3219 sunt.
2061 3191 2082 3221 »

277 3229 433 3268 Eodem
455 3229 536 3268 fere
556 3229 681 3268 modo
710 3227 871 3279 corripit
891 3226 1098 3268 Caesarius
1118 3238 1199 3272 eOS,
1231 3225 1300 3277 qui
1333 3226 1481 3266 tardius
1511 3229 1562 3269 ad
1583 3228 1738 3281 uigilias
1761 3231 1938 3281 veniunt,
1961 3241 1999 3273 et
2016 3234 2084 3274 ubi
