2554 3658
845 329 914 360 YN
951 329 1222 361 ALLISIONE
1262 330 1544 363 INFANTUM.
2041 339 2101 385 45

353 444 422 492 Et
447 445 626 494 iterum
653 444 703 493 in
729 462 879 508 esaya
903 444 1052 502 dicit„

350 529 466 593 Ego
492 543 608 577 eroae
640 528 801 578 fidens
827 529 876 577 in
902 547 1054 587 eum.‚

351 613 419 662 Et
446 613 656 671 iterum„
1450 674 1465 689 ,

272 748 276 752 ,
346 697 481 747 Ecce
497 715 594 763 ego
610 710 660 747 et
676 698 816 764 pueri
825 700 947 747 mei(
956 715 1074 762 quos
1090 698 1202 747 mici
1219 698 1358 747 dedit
1374 699 1655 765 deusaequia
1672 719 1801 767 ergo
1817 703 1957 766 pueri
1974 720 2106 751 com-

276 782 855 832 municaberuntcarniet
871 772 2105 850 sanguinz’aeetipsesimiliterparticipabiteisdem„
2157 814 2174 848 5

348 867 422 916 Ut
440 885 530 931 per
554 868 766 918 m0rtem
793 861 1082 924 dextrueret
1098 869 1227 919 hunc
1254 871 1339 935 qui
1359 870 1578 920 habebat
1606 872 1779 920 mortis
1797 872 2086 936 imperium?

277 951 325 999 id
351 963 428 1000 est
453 951 741 1005 diabolum..

347 1035 416 1084 Et
441 1035 674 1087 liberaret
715 1053 831 1088 eoss.
875 1039 960 1103 qui
1001 1039 1177 1089 timore
1214 1041 1388 1090 mortis
1425 1040 1631 1089 obnoxii
1658 1054 1799 1091 erant
1836 1059 1926 1106 per
1950 1047 2107 1092 totam

276 1120 429 1168 uitam
456 1122 742 1179 seruitutis„
777 1121 784 1189 Ι
824 1140 917 1185 114
951 1122 957 1190 Ι

348 1205 614 1270 Nusquam
657 1208 790 1257 enim
830 1208 1038 1274 angelos
1079 1211 1404 1275 adpreenditae
1456 1213 1546 1262 sed
1580 1230 1753 1262 semen
1797 1211 1984 1261 abrahe
2023 1211 2108 1259 ad·
2138 1236 2178 1259 ιο

280 1291 542 1354 preendit.,

350 1375 502 1424 Unde
522 1376 695 1426 debuit
719 1395 810 1441 per
833 1379 1002 1428 omnia
1028 1380 1263 1429 fratribus
1282 1380 1486 1431 similari
1509 1394 1562 1431 ut
1582 1382 1861 1431 misericors
1880 1395 1930 1431 et
1947 1382 2107 1431 fidelis

277 1461 503 1524 pontifex
530 1462 671 1512 fieret
695 1464 758 1511 ad
785 1464 966 1513 deums.
1000 1478 1058 1513 ut·
1080 1467 1432 1531 repropitiaret
1458 1467 1640 1516 delicta
1666 1467 1868 1532 populi.‚

352 1547 409 1595 In
437 1565 498 1596 eo
523 1547 656 1596 enim
691 1548 739 1596 in
777 1566 878 1613 quo
911 1567 1089 1614 passus
1116 1564 1192 1600 est
1221 1590 1230 1600 .
1259 1552 1365 1616 ipse
1401 1564 1669 1602 temtatusc
1709 1564 1890 1617 potens
1924 1564 2000 1601 est
2038 1552 2110 1600 eis

278 1632 363 1696 qui
389 1644 628 1682 temtatur
653 1632 900 1689 ausiliari..
930 1652 1110 1692 amen.,
2141 1658 2178 1692 15

253 1780 519 1825 (LECTIO
559 1809 571 1821 .
615 1782 847 1823 SANCTI
902 1783 1295 1824 EUANGELIIC
1351 1785 1713 1826 SECUNDUM
1766 1786 2110 1825 MATHEUM

1079 1855 1142 1908 (11
1178 1857 1314 1909 16-23)

361 1975 438 2023 IN
496 1976 670 2024 ILLO
715 1976 1117 2026 TEMPOREJ.
1167 1979 1343 2028 uidens
1387 1979 1601 2030 herodes
1644 1959 1880 2046 quoniam
1925 1981 2114 2030 inlusus

288 2072 422 2108 esset
447 2078 478 2108 a
504 2061 692 2127 magiss.
720 2061 873 2110 iratus
893 2075 969 2111 est
989 2062 1165 2120 ualde,
1190 2063 1258 2112 Et
1279 2064 1511 2113 mittens<
1538 2066 1719 2115 occidit
1735 2084 1911 2116 omnes
1931 2084 2114 2131 pueros

287 2145 370 2209 qui
409 2157 550 2194 erant
585 2146 632 2193 in
664 2146 885 2195 bethlem
917 2159 968 2195 et
1006 2147 1054 2195 in
1092 2149 1325 2218 omnibus
1361 2148 1543 2199 finibus
1577 2152 1711 2200 eius<
1756 2152 1820 2199 ab
1856 2164 2027 2216 ymatu
2064 2164 2114 2201 et
2139 2178 2182 2201 20

289 2229 443 2277 infra<
467 2231 750 2279 ‘secundum
777 2243 975 2295 tempus
1000 2233 1136 2296 quod
1162 2234 1467 2298 exquisierat
1492 2252 1522 2283 a
1547 2236 1738 2301 magis„

358 2316 502 2364 Tunc
530 2315 856 2381 adimpletum
882 2322 985 2366 est?
1025 2319 1160 2382 quod
1185 2319 1373 2369 dictum
1409 2332 1486 2369 est
1520 2338 1610 2385 per
1632 2318 1651 2388 ΙΙ
1676 2321 1965 2370 iheremiam
2002 2339 2115 2385 pro-

290 2399 493 2465 phetam
519 2401 802 2459 dicentem,

363 2484 484 2533 on
511 2501 566 2534 IN
595 2502 736 2534 RAMA
761 2486 929 2548 audita
955 2499 1060 2536 esta
1091 2487 1314 2552 ploratus
1340 2501 1390 2538 et
1416 2489 1659 2548 ululatus„

362 2569 514 2619 Racel
548 2570 749 2634 plorans
778 2571 905 2620 filios
939 2586 1085 2621 suos<
1127 2585 1175 2621 et
1214 2572 1371 2641 noluit·
1412 2575 1657 2623 consolari
1683 2562 1850 2639 *super
1891 2577 1962 2625 eis
1998 2580 2114 2642 quia
2140 2606 2180 2641 25

293 2671 391 2703 non
417 2667 562 2712 sunt„
596 2656 851 2705 Defuncto
877 2668 1042 2705 autem
1062 2657 1276 2706 herode<
1305 2675 1420 2707 ecee
1437 2660 1666 2724 apparuit
1686 2659 1895 2725 angelus
1922 2662 2113 2712 domini

292 2738 340 2786 in
366 2740 554 2788 somnis
580 2740 771 2804 yoseph
799 2741 847 2788 in
874 2741 1046 2806 egipto
1072 2741 1275 2799 dicens,

391 2849 407 2872 4
420 2838 476 2866 mei
487 2848 558 2873 quos
570 2841 639 2867 add.
655 2850 751 2874 marg.
822 2851 891 2875 ergo
902 2851 977 2869 corr.
993 2851 1032 2869 ex
1043 2851 1098 2875 ego
1167 2852 1182 2876 5
1195 2843 1327 2876 sanguini
1339 2853 1379 2870 ex
1390 2843 1531 2878 sanguine
1601 2854 1633 2878 19
1646 2846 1732 2876 esset]
1745 2854 1763 2871 a
1775 2846 1844 2872 add.
1859 2854 1876 2872 2
1889 2855 1982 2873 mann

339 2950 366 2974 1.
386 2942 424 2974 in
439 2952 536 2984 esaya
551 2944 662 2984 dicit]
683 2945 761 2977 Hae
777 2955 876 2977 voces
892 2955 954 2977 nec
970 2944 1005 2976 in
1021 2945 1168 2987 Vulgata
1235 2945 1277 2977 ad
1301 2946 1480 2979 Hebraeos
1505 2947 1689 2990 respexisse
1705 2948 1748 2980 ad
1773 2949 1876 2980 verba
1899 2948 2007 2981 Isaiae
2030 2950 2113 2989 XII,
2184 2990 2186 2993 ι

291 3007 353 3029 nec
378 2997 414 3029 in
439 2998 571 3031 Graeco
601 3000 779 3042 leguntur:
810 3011 878 3032 non
904 3005 1017 3032 tamen
1041 3000 1167 3032 incom-
1236 3010 1255 3033 2
1273 3014 1280 3034 :
1296 2999 1477 3038 πεποιθὼς
1495 2995 1621 3044 ἔσομαι
1639 2998 1694 3034 ἐπ’
1713 2999 1824 3048 αὐτῷ,
1853 3015 1938 3046 quae
1955 3004 2116 3046 antiquis-

290 3051 390 3083 mode
400 3051 523 3084 sactum
534 3059 594 3093 est,
608 3055 698 3096 quod
708 3055 742 3087 in
755 3055 1003 3088 Lectionarium
1017 3061 1167 3088 nostrum
1235 3057 1338 3090 simus
1370 3059 1502 3091 Irenaei
1540 3059 1705 3102 interpres
1744 3059 1848 3092 latine
1886 3060 1933 3092 ita
1971 3061 2116 3093 reddidit

290 3106 469 3150 inrepsere.
497 3109 708 3153 Quamquam
737 3110 827 3143 enim
844 3110 933 3143 notis
957 3111 992 3143 in
1017 3111 1168 3154 margine
1236 3113 1380 3152 (Contra
1392 3113 1564 3152 Haereses,
1581 3113 1640 3145 lib.
1658 3113 1726 3152 111,
1747 3124 1774 3145 c.
1796 3122 1846 3151 10,
1866 3124 1898 3145 n.
1919 3114 1975 3154 3):
1995 3115 2118 3145 Fidens

292 3162 477 3196 Bibliorum
494 3164 656 3207 adpositis
684 3165 885 3198 remittimur
900 3167 942 3199 ad
959 3177 991 3199 v.
1012 3175 1030 3208 3
1047 3166 1169 3209 psalmi
1235 3178 1289 3200 ero
1306 3168 1345 3200 in
1359 3179 1447 3202 eum.

291 3219 408 3258 XVII,
419 3221 525 3252 multo
535 3221 742 3263 probabilius
755 3228 804 3255 est
813 3228 983 3256 auctorem
997 3223 1169 3266 Epistolae
