2554 3658
886 358 1140 392 HOMILIAE
1177 357 1491 391 TOLETANAE.
1997 360 2093 406 413

336 471 632 512 Excusabundo
652 472 817 512 exordio
837 471 1029 517 subicitur
1060 484 1149 522 pars
1168 471 1274 523 prior
1306 472 1500 512 sermonis
1528 473 1695 523 pseudo-
1698 473 1967 524 augustiniani
2005 476 2093 522 168,

279 538 382 575 quae
406 536 426 567 «
448 526 583 566 Fausti
603 526 738 567 stilum
758 527 874 568 refert
895 536 916 568 »
939 526 1046 566 iuxta
1063 525 1280 566 Maurinos.
1311 544 1315 547 «

340 635 365 676 f.
389 645 456 687 71.
495 637 668 676 Sermo
690 638 837 675 tertia
858 637 981 675 feria
1013 645 1172 685 pasce.
1214 635 1426 678 Sanctam
1465 642 1508 677 et
1546 636 1891 677 sacratissimam
1930 632 2094 689 pasche

284 703 574 747 festiuitatem
597 696 691 748 dies
715 707 797 748 iste
818 705 1045 748 concludit
1071 738 1175 747 ......
1202 705 1365 746 aetiam
1390 711 1433 746 et
1455 706 1511 746 de
1548 704 1751 746 hostibus
1788 705 2094 759 corporalibus

287 773 579 817 triumfemus.
603 776 710 830 Ipso
733 776 987 826 adiubante,
1009 780 1088 816 etc.
1126 800 1129 802 -
1662 786 1665 787 ⁷

336 889 483 928 Incerti
502 889 686 938 auctoris,
708 889 776 940 qui
797 889 1032 941 neophytOS,
1055 896 1097 928 ut
1113 901 1155 928 se
1175 888 1347 939 integros
1379 894 1548 935 servent,
1569 886 1786 926 humilibus
1815 886 1943 926 verbis
1964 887 2092 926 horta-

280 950 352 981 tur.
378 943 606 983 Recitatum
638 945 764 983 fuerat
784 957 831 983 ex
851 944 1057 994 evangelio
1088 943 1230 982 Matth.
1264 945 1324 990 18,
1348 955 1370 991 3
1391 954 1477 992 sqq.
1502 942 1736 980 Lectionem
1773 942 1886 989 hanc,
1910 954 2031 992 quam
2053 941 2092 980 in

282 997 402 1037 Libro
423 998 593 1038 Comico
614 999 754 1039 frustra
767 998 995 1049 quaesieris,
1012 997 1247 1048 pertinuisse
1260 1009 1405 1036 censeo
1421 996 1472 1035 ad
1488 995 1646 1034 missam
1664 995 1771 1034 illam
1786 1008 1857 1046 pro
1874 995 2093 1046 baptizatis,

279 1065 382 1102 quae
403 1052 443 1091 in
460 1052 695 1092 -Missalibus
716 1052 995 1101 Ambrosiano,
1018 1052 1228 1092 Gallicano
1249 1060 1287 1091 et
1320 1049 1630 1090 Gallo-Gothico
1657 1058 1812 1100 praeter
1842 1049 2003 1090 missam
2026 1063 2094 1102 pu-

279 1106 422 1145 blicam
459 1120 527 1157 per
561 1115 742 1146 octavam
778 1107 956 1146 Paschae
999 1106 1148 1146 cotidie
1186 1106 1426 1146 celebranda
1461 1103 1748 1155 praescribitur.
1789 1106 1852 1144 De
1892 1118 1941 1145 eo
1980 1106 2090 1156 quod

277 1160 317 1199 in
350 1161 546 1212 principio
578 1161 774 1209 as'seritur,
811 1161 925 1201 tertia
957 1163 1036 1200 iarn
1070 1162 1165 1200 feria
1188 1171 1209 1202 (<
1232 1161 1403 1212 paschae
1436 1159 1689 1199 festivitatem
1719 1159 1907 1199 concludi
1933 1169 1969 1207 >>,
2000 1159 2092 1199 vide

277 1215 409 1255 adnot.
431 1228 512 1266 seq.

333 1326 359 1368 f.
384 1334 459 1379 72V
482 1329 656 1367 Sermo
679 1328 902 1366 eiusdem
924 1323 1160 1378 quan[do]
1184 1325 1458 1365 infantibus
1479 1326 1615 1365 albas
1636 1327 1910 1375 deponunt.
1935 1327 2094 1370 Sermo

276 1396 379 1437 mici
402 1396 458 1438 ad
482 1410 562 1438 uos
584 1403 664 1448 est,
687 1398 823 1439 modo
845 1396 938 1438 nati
961 1395 1153 1438 infantes
1179 1428 1285 1437 ......
1311 1395 1394 1437 sibi
1417 1390 1733 1450 glorifi'candos
1772 1397 1965 1440 exibeat.
1989 1399 2093 1452 lpse

276 1467 350 1522 qui
373 1480 474 1508 cum
497 1467 583 1508 deo
605 1473 745 1521 patre,
767 1473 848 1509 etc.
1860 1484 1862 1486 ’

330 1581 390 1619 Ex
411 1579 625 1631 Augustini
646 1593 829 1620 sermone
850 1580 951 1620 inter
973 1579 1242 1631 Dionysianos
1271 1586 1414 1618 octavo
1435 1592 1471 1618 n.
1501 1593 1516 1617 1
1541 1580 1777 1631 desumptus
1798 1580 1875 1632 (M.
1899 1582 1964 1629 46,
1982 1579 2090 1632 838),

275 1636 314 1673 in
351 1634 451 1674 libro
486 1635 611 1674 sancti
651 1634 882 1675 Hildefonsi
924 1636 989 1673 De
1031 1635 1238 1685 cognitione
1266 1634 1471 1684 Baptismz·
1503 1647 1588 1685 cap.
1634 1636 1703 1674 ult.
1745 1634 1801 1674 sic
1840 1635 2090 1674 inscribitur:

275 1690 457 1730 «Sermo
478 1689 675 1728 dicendus
705 1690 756 1728 ad
778 1689 947 1728 infantes
967 1688 1034 1728 die
1063 1688 1177 1728 tertia
1212 1695 1301 1739 post
1333 1688 1487 1727 Pascha
1519 1696 1678 1740 propter
1708 1690 1817 1728 albas
1847 1690 2045 1729 tollendas
2068 1700 2089 1731 >>

273 1743 350 1794 (Μ.
368 1746 430 1794 96,
455 1744 558 1795 171).
576 1745 753 1794 Apparet
775 1744 901 1795 igitur,
920 1743 998 1782 iam
1016 1755 1064 1782 eo
1077 1750 1267 1794 tempore,
1285 1755 1366 1793 quo
1387 1743 1612 1793 praedictus
1626 1743 1724 1783 liber
1744 1752 1782 1783 et
1807 1744 2090 1783 Homiliarium

271 1799 514 1837 Toletanum
545 1798 708 1838 condita
728 1806 832 1846 sunt,
864 1799 904 1837 id
925 1806 995 1846 est,
1018 1797 1154 1837 medio
1174 1798 1254 1837 fere
1269 1798 1429 1836 saeculo
1450 1799 1551 1836 ΥΙΙο
1571 1811 1618 1837 ex
1639 1798 1813 1837 octiduo·
1838 1800 1890 1837 ad
1911 1798 2087 1838 triduum

214 1867 220 1869 “
272 1859 493 1893 coactatam
529 1852 651 1892 fuisse
682 1852 953 1893 celebritatem
995 1852 1300 1902 neophytorum,
1333 1851 1441 1892 illam
1473 1852 1658 1893 videlicet
1687 1854 1740 1892 ob
1773 1866 1948 1901 causam,
1980 1854 2090 1904 quod

274 1906 395 1946 rarius
415 1908 552 1947 adulta
572 1914 702 1947 aetate
723 1909 776 1947 ad
798 1907 1038 1958 baptismum
1061 1911 1326 1946 accederetur.

334 2018 359 2060 s.
384 2029 441 2072 74
463 2019 637 2057 Sermo
660 2047 669 2056 .
696 2020 799 2057 1111
821 2047 830 2057 .
854 2018 976 2056 feria
996 2027 1155 2066 pasce.
1182 2017 1640 2060 Karissimidominus
1662 2024 1812 2059 noster
1835 2017 1983 2059 ihesus
2003 2031 2089 2072 xps

272 2089 517 2130 secundum
533 2089 771 2131 scribturas
799 2121 905 2130 ......
931 2095 975 2130 et
991 2102 1075 2143 ego
1098 2090 1140 2130 in
1156 2089 1341 2132 eum.Ut
1354 2089 1410 2130 sit
1432 2101 1596 2130 nomen
1612 2087 1782 2129 domini
1801 2086 2085 2129 benedictum

271 2157 314 2199 in
338 2157 486 2200 secula
508 2157 771 2200 seculorum.
795 2158 957 2200 Amen.

328 2272 476 2312 Incerti
492 2272 665 2312 auctoris
687 2272 820 2312 ieiuna
840 2273 891 2312 de
912 2272 1197 2313 resurrectione
1218 2280 1464 2312 mortuorum
1486 2271 1622 2312 oratio.

328 2382 354 2424 f.
378 2391 453 2435 75V
476 2384 648 2422 Sermo
666 2410 676 2420 .
701 2383 741 2422 U
764 2383 912 2421 feria.
935 2391 1094 2431 pasce.
1121 2383 1368 2434 Karissimi,
1389 2383 1598 2425 dominus
1628 2389 1671 2425 et
1709 2383 1904 2425 salbator
1937 2389 2087 2425 noster

270 2459 508 2507 postquam
531 2454 772 2495 resurrexit
791 2486 896 2495 ......
923 2467 1002 2494 nos
1018 2453 1248 2506 peruenire
1264 2454 1481 2495 concedat
1503 2486 1511 2495 .
1533 2453 1609 2507 qui
1628 2458 1795 2507 regnat,
1817 2458 1898 2494 etc.

325 2566 435 2605 Hinc
456 2566 534 2604 iam
555 2579 682 2617 usque
703 2567 754 2610 ad
774 2566 1065 2606 Ascensionem
1099 2566 1257 2605 nonnisi
1277 2565 1507 2606 brevissima
1538 2578 1766 2606 sermonum
1794 2567 2012 2616 fragmenta
2042 2566 2081 2604 in

269 2620 411 2660 codice
440 2620 687 2669 exhibentur,
720 2634 889 2671 quorum
922 2622 1120 2672 quaedam
1158 2620 1462 2672 Hieronymum,
1504 2621 1697 2660 nonnulla
1731 2620 1976 2668 Caesarium,
2008 2620 2083 2660 alia

270 2675 434 2714 demum
457 2675 678 2715 Eusebium
700 2676 870 2726 sapiunt.

326 2786 352 2828 f.
375 2787 451 2838 76V
474 2787 647 2825 Sermo
668 2787 735 2826 UI
756 2814 764 2824 .
784 2785 933 2825 feria.
953 2795 1116 2835 pasce.
1141 2786 1386 2833 Karissimi,
1411 2799 1489 2840 per
1506 2799 1612 2827 suae
1629 2785 1960 2827 resurrectionis
1983 2798 2081 2838 gra-

266 2856 373 2898 tiam
401 2889 507 2897 ......
533 2855 718 2898 liberare
740 2857 957 2911 dignetur.
983 2856 1071 2910 Qui
1095 2862 1161 2898 est
1175 2857 1297 2906 deus,
1318 2862 1399 2897 etc.

324 2970 349 3012 f.
373 2981 427 3024 77
451 2972 625 3010 Sermo
647 2972 728 3011 die
749 2971 956 3010 sabbato
978 2979 1135 3018 pasce.
1161 2969 1409 3019 Karissimi,
1430 2970 1473 3010 in
1512 2969 1583 3010 die
1606 2968 1936 3009 resurrectionis
1974 2980 2080 3008 suae

271 3073 376 3083 ......
402 3053 483 3082 nos
500 3040 594 3095 ipse
615 3034 842 3095 perducat,
864 3040 938 3094 qui
962 3054 1086 3089 unus,
1101 3046 1182 3081 etc.

326 3153 352 3195 f.
375 3162 449 3206 77v
474 3154 647 3193 Sermo
683 3155 733 3191 in
770 3154 969 3192 octabas
993 3163 1155 3202 pasce.
1182 3152 1430 3203 Karissimi,
1466 3166 1546 3206 pro
1583 3153 1889 3206 redemptione
1926 3153 2080 3195 salutis

267 3222 490 3265 humanae
516 3256 618 3266 ......
646 3236 761 3279 quae
783 3224 1009 3265 creaberat
1031 3222 1247 3265 liuerauit.
1269 3221 1351 3265 Cui
1374 3227 1439 3264 est
1460 3223 1611 3278 gloria.
