2554 3658
871 355 875 358 -
897 332 951 373 ῙΝ
991 331 1367 374 PARASCEPHEN.
1947 344 1962 374 1
1974 332 2003 376 6
2009 344 2035 389 3

289 455 408 504 Non
435 455 548 505 licet
574 457 770 504 mittere
795 471 882 504 eos
909 455 956 503 in
983 447 1196 503 corbanae
1229 455 1345 518 quia
1387 455 1600 519 pretium
1644 456 1900 522 sanguinis
1926 468 2032 513 est„

282 537 502 587 Consilio
527 551 692 588 autem
721 529 870 587 inito<
904 551 1131 587 emerunt
1158 556 1218 587 ex
1247 539 1318 587 eis
1344 555 1519 604 agrum
1547 538 1713 604 figulia
1748 540 1795 587 in
1817 540 2034 604 sepultu-

215 638 318 669 ram
339 616 749 687 peregrinorum„

282 705 491 768 Propter
517 705 611 754 hoc
637 717 842 754 uocatus
868 718 944 755 est
969 722 1092 771 ager
1116 705 1196 755 ille
1222 746 1232 755 .
1261 705 1429 772 lingua
1469 725 1640 757 eorum
1680 707 2026 758 aceldemach<

210 789 303 838 hoc
329 803 405 838 est
431 807 552 855 ager
575 790 831 854 sanguinis
858 829 867 838 .
896 808 1055 855 usque
1080 791 1129 838 in
1155 792 1416 840 odiernum
1441 792 1606 850 diem„
2080 811 2098 845 5

278 873 423 921 Tunc
450 873 775 938 adimpletum
813 886 889 922 est
925 875 1059 938 quod
1085 875 1271 924 dictum
1298 888 1374 924 est
1400 894 1429 923 a
1465 877 1698 926 dominoa
1745 895 1833 942 per
1876 878 2032 927 ihere-

210 957 357 1005 miam
383 957 681 1021 prophetam
707 957 987 1015 dicentem,
1017 959 1335 1023 Acceperunt
1373 960 1575 1026 triginta
1618 974 1885 1027 argenteos
1924 980 2031 1026 pre-

209 1042 329 1089 tium
358 1039 363 1105 Ι
394 1058 486 1103 243
512 1040 518 1105 Ι
544 1042 806 1105 adpretiati
823 1044 957 1106 quod
982 1044 1391 1108 adpretiaberunt
1407 1034 1491 1093 filii
1509 1045 1700 1094 srahel(
1722 1059 1772 1095 et
1788 1046 2033 1095 dederunt

208 1143 295 1174 eos
321 1126 370 1174 in
396 1143 569 1191 agrum
598 1124 771 1191 figuli.
800 1127 926 1175 sicut
950 1128 1207 1176 constituit
1232 1129 1344 1177 mici
1362 1129 1606 1179 dominus
1597 1168 1624 1187 ,

280 1215 456 1264 Ihesus
482 1228 678 1264 autem!
710 1217 849 1265 stetit
873 1230 989 1266 ante
1004 1219 1288 1282 presidem.
1311 1231 1361 1267 et
1382 1210 1709 1285 interrogabit
1729 1238 1840 1269 cum
1862 1201 2032 1285 preses
2060 1238 2100 1263 10

205 1289 407 1357 dicens„
437 1300 519 1348 Tu
545 1317 599 1349 es
625 1317 713 1349 rex
739 1300 1042 1350 iudeorum?
1069 1301 1352 1372 Respondit
1379 1303 1578 1361 ihesus„

274 1385 323 1432 A
348 1385 617 1449 temetipso
644 1385 738 1434 hoc
762 1387 915 1434 dicis<
950 1404 1013 1434 an
1039 1386 1120 1435 alii
1149 1387 1237 1435 tiui
1263 1388 1497 1437 dixerunt
1522 1389 1586 1437 de
1611 1406 1723 1446 me„

280 1470 560 1534 Respondit
586 1469 798 1534 pilatus,

214 1577 217 1578 ⁷
281 1555 541 1619 Numquid
567 1571 664 1620 ego
690 1555 897 1604 iudaeus
922 1556 1076 1604 sum?

278 1639 420 1688 Gens
445 1651 530 1687 tua
555 1651 604 1688 et
632 1640 894 1703 pontifices
934 1640 1002 1688 tui
1047 1628 1359 1690 tradiderunt
1395 1653 1445 1689 te
1487 1642 1629 1691 mici<
1678 1643 1798 1707 quid
1841 1643 2028 1702 fecisti„
2059 1662 2097 1697 15

212 1724 495 1788 Respondit
521 1724 718 1780 ihesus„

214 1847 225 1869 2
280 1817 512 1882 Regnum
539 1831 736 1865 meum(
770 1832 870 1865 non
896 1827 974 1864 est
998 1815 1061 1864 de
1104 1815 1197 1864 hoc
1241 1817 1459 1873 mundo„
1505 1817 1560 1865 Si
1603 1817 1665 1866 de
1706 1818 1799 1866 hoc
1843 1820 2031 1868 mundo

205 1913 338 1950 esset
363 1918 574 1967 regnum
606 1916 803 1950 meum!
852 1900 1062 1955 ministri
1108 1901 1205 1949 mei
1247 1901 1417 1965 utique
1456 1914 1791 1951 certarenturc
1838 1915 1890 1951 ut
1930 1921 2029 1952 non

205 1987 426 2036 traderer
451 1987 670 2043 iudaeis,
705 1987 751 2035 N
762 2004 855 2034 unc
880 1997 1046 2034 autem
1074 2002 1284 2080 regnum
1313 2003 1479 2060 meum
1507 2004 1606 2034 non
1633 1999 1709 2035 est
1734 1987 1798 2036 de
1823 1987 1968 2045 hinc,

277 2072 419 2119 Dixit
445 2071 613 2135 itaque
637 2071 682 2120 ei
709 2070 921 2135 pilatus,
1061 2107 1065 2111 .
2052 2090 2095 2115 20

274 2155 414 2221 Ergo
441 2173 526 2204 rex
553 2173 606 2204 es
633 2168 717 2204 tu.
708 2155 727 2191 Ρ
755 2155 1036 2218 Respondit
1063 2136 1261 2212 ihesus„
1290 2151 1310 2222 ΙΙ

271 2241 351 2288 Tu
378 2241 530 2288 dicis<
563 2241 679 2304 quia
706 2258 792 2288 rex
818 2257 961 2294 sum„

274 2325 426 2390 Ego
415 2342 463 2373 1n
490 2325 583 2373 hoc
611 2337 755 2373 natus
781 2339 920 2373 sums
953 2337 1003 2373 et
1028 2325 1091 2372 ad
1118 2330 1211 2373 hoc
1237 2325 1350 2373 ueni
1378 2325 1426 2372 in
1453 2324 1582 2372 hunc
1609 2297 1881 2382 mundum„

269 2410 605 2458 Adduxerunt
631 2426 752 2474 ergo
779 2409 971 2457 ihesum
998 2409 1061 2458 ad
1087 2409 1350 2473 cayphan
1339 2426 1387 2456 ln
1405 2409 1705 2473 pretorium<
1733 2422 1838 2459 erat
1858 2423 2021 2459 autem

203 2512 378 2551 mane„
2047 2505 2087 2547 25

271 2580 339 2628 Et
382 2579 474 2643 ipsi
524 2595 623 2626 non
669 2578 966 2626 introierunt
1015 2579 1063 2625 in
1107 2578 1379 2641 pretorium
1424 2594 1487 2626 ne
1529 2578 2014 2626 contaminarenturc

199 2665 287 2713 sed
315 2675 366 2712 ut
392 2663 749 2711 manducarent
775 2662 991 2726 pascha.,

270 2754 444 2803 Exibit
468 2770 592 2819 ergo
618 2753 799 2817 pilatus
824 2753 887 2800 ad
914 2770 1001 2801 eos
1030 2753 1190 2800 foras(
1223 2743 1273 2800 et
1298 2753 1453 2809 dixit„

267 2845 433 2907 Quam
458 2843 826 2892 accusationem
853 2843 1068 2892 affertis<
1101 2843 1342 2890 aduersus
1367 2842 1620 2892 hominem
1652 2843 1813 2900 hunc„

270 2934 657 2998 Responderunt
682 2945 732 2981 et
757 2932 989 2981 dixerunt
1015 2932 1090 2989 ei.,
2043 2953 2085 2985 30

272 3025 373 3081 Hic
399 3023 440 3072 si
468 3040 566 3073 non
594 3021 1068 3071 essetmalesactora
1102 3038 1201 3070 non
1227 3038 1340 3070 eum
1367 3021 1455 3069 tiui
1483 3022 1825 3080 traderemus,

270 3114 414 3162 Dixit
439 3130 560 3179 ergo
586 3113 658 3161 eis
683 3111 896 3176 pilatus.;

288 3258 299 3274 1
313 3247 466 3274 corbanam
484 3255 580 3279 marg.
652 3256 684 3278 24
697 3245 829 3279 cayphan
853 3245 870 3271 h
883 3248 947 3278 sup.
968 3245 1020 3271 lin.
1035 3252 1052 3270 e
1065 3254 1157 3270 manu
