2554 3658
498 1371 536 1394 10

496 1792 532 1826 15

494 2213 535 2236 20

497 3051 538 3083 30

555 366 649 411 324
1122 367 1401 427 LEPTIONES
1446 368 1792 402 LETANIARUM.

722 547 958 587 LECTIO
1012 547 1224 585 LIBRIJ·
1269 547 1447 586 AMos
1497 548 1879 595 PROPHETE„
1917 547 1993 597 (1v
2023 547 2096 584 6-v
2133 545 2197 596 15>

631 681 835 730 HAEC
876 683 1084 730 DICIT
1127 683 1513 739 DOMINUS„
1557 683 1745 731 ECCE
1784 700 1880 748 ego
1915 683 2065 732 dedi.
2110 695 2361 746 stuporem

559 766 700 813 uobis
717 766 967 814 dentiums.
994 766 1041 813 in
1063 766 1251 814 cunctis
1267 766 1470 813 urbibus
1489 767 1694 823 uestris„
1719 767 1786 815 Et
1806 767 2128 832 indigentiam
2147 783 2363 830 panuum

561 850 608 896 in
625 850 854 897 omnibus
876 850 994 897 locis
1022 849 1226 897 uestrisa
1250 862 1299 897 et
1321 867 1418 897 non
1445 850 1564 898 estis
1582 852 1765 898 reuersi
1786 851 1849 898 ad
1870 869 1949 899 me
1964 838 2361 904 dicit'dominuS„

565 933 678 998 Ego
702 950 900 996 quoque
939 933 1130 995 proibui
1165 950 1192 980 a
1231 933 1373 981 uobis
1413 933 1621 981 imbrem
1666 949 1857 982 meums.
1907 951 2058 998 quum
2101 932 2225 981 aduc
2267 944 2367 980 tres

561 1034 757 1065 menses
779 1029 945 1064 essent
972 1055 980 1064 .
1011 1033 1167 1079 usque
1186 1017 1248 1064 ad
1266 1034 1510 1073 messem,
1538 1017 1606 1064 Et
1632 1017 1730 1080 plui
1751 1035 1898 1080 super
1918 1017 2167 1065 ciuitatem
2187 1019 2334 1063 unam
2355 1054 2364 1063 .

560 1114 610 1149 et
635 1117 782 1164 super
806 1100 1062 1149 ciuitatem
1081 1100 1285 1149 alteram
1307 1118 1404 1147 non
1431 1100 1561 1164 plui,

631 1185 750 1232 Pars
769 1198 866 1231 una
890 1183 1122 1247 conpluta
1148 1195 1250 1232 est(
1274 1196 1324 1232 et
1349 1201 1462 1247 pars
1479 1201 1575 1231 una
1600 1202 1749 1248 super
1773 1202 1921 1249 quarn
1944 1202 2041 1233 non
2059 1184 2181 1248 pluit
2207 1184 2363 1240 aruit.,

564 1269 631 1316 Et
659 1280 900 1316 uenerunt
925 1268 1021 1315 due
1048 1280 1097 1316 et
1122 1280 1221 1316 tres
1248 1268 1473 1316 ciuitates
1498 1268 1560 1315 ad
1596 1269 1846 1316 ciuitatem
1874 1286 2022 1316 unam
2049 1279 2101 1316 ut
2144 1268 2369 1315 uiuerent

560 1366 767 1415 aquamae
790 1363 955 1399 etnon
976 1363 1091 1399 sunt
1108 1352 1316 1408 satiate„
1343 1351 1410 1399 Et
1427 1369 1526 1399 non
1545 1349 1564 1418 ΙΙ
1579 1352 1775 1400 redistis
1801 1353 1862 1399 ad
1889 1369 1968 1400 me
1993 1352 2111 1400 dicit
2136 1352 2367 1399 dominus

630 1437 854 1485 Percussi
898 1454 986 1485 uos
1036 1437 1083 1483 in
1130 1448 1279 1484 uento
1329 1448 1501 1484 urente
1549 1449 1598 1484 et
1647 1436 1695 1483 in
1738 1435 1961 1500 aurigine
2004 1434 2368 1484 multitudinem

559 1532 837 1571 *ortuorum
859 1523 1134 1568 uestrorum
1163 1558 1172 1568 .
1201 1531 1251 1567 et
1278 1520 1531 1568 vinearum
1563 1532 1870 1576 uestrarum,
1903 1520 2105 1568 Olibeta
2131 1533 2295 1569 uestra
2320 1533 2370 1569 et

559 1605 702 1653 ficeta
728 1618 892 1653 uestra
912 1604 1127 1653 comedit
1154 1618 1326 1651 eruca<
1355 1616 1404 1651 et
1431 1619 1528 1651 non
1550 1604 1745 1652 redistis
1770 1605 1832 1652 ad
1859 1622 1938 1653 me
1963 1605 2081 1652 dicit
2106 1603 2366 1660 dominus,

564 1689 681 1736 Misi
726 1689 772 1736 in
814 1706 903 1736 uos
942 1700 1179 1737 mortems.
1215 1688 1261 1735 in
1308 1684 1436 1735 terra
1462 1689 1664 1752 egypti.,

632 1772 856 1820 Percussi
901 1773 948 1819 in
990 1771 1157 1836 gladio
1200 1772 1406 1819 iubenes
1454 1785 1675 1820 uestros<
1726 1789 1882 1835 usque
1924 1772 1986 1819 ad
2028 1772 2366 1835 captiuitatem

559 1873 799 1920 equorum
849 1868 1154 1904 uestrorumA
1210 1867 1259 1903 et
1301 1856 1568 1904 ascendere
1612 1856 1702 1904 feci
1741 1857 2051 1918 putredinem
2096 1867 2368 1904 castrorum

561 1954 836 1989 uestrorum
856 1942 903 1988 in
931 1941 1129 1989 naribus
1149 1941 1326 1989 uestris
1340 1954 1355 1984 c
1383 1954 1432 1988 et
1453 1958 1551 1988 non
1573 1942 1768 1989 redistis
1788 1942 1851 1989 ad
1873 1958 1951 1989 me
1971 1940 2087 1988 dicit
2107 1940 2366 1994 dominus,

562 2025 795 2073 Subuerti
822 2043 910 2073 uos
937 2026 1061 2073 sicut
1098 2025 1338 2072 subuertit
1365 2025 1597 2073 dominus
1622 2025 1880 2073 sodomam
1907 2036 1956 2072 et
1980 2036 2291 2089 gomorram<
2320 2034 2370 2070 et

560 2109 671 2156 facti
713 2109 831 2157 estis
857 2110 995 2173 quasi
1031 2111 1184 2157 torris
1208 2122 1376 2173 raptus
1402 2111 1463 2158 de
1489 2110 1746 2158 incendioae
1780 2122 1828 2158 et
1855 2126 1953 2156 non
1981 2108 2176 2156 redistis
2201 2108 2262 2154 ad
2291 2124 2369 2154 me

559 2193 673 2240 dicit
702 2193 960 2249 dominus,
992 2192 1310 2257 Quapropter
1353 2193 1444 2241 hec
1471 2193 1644 2241 faciam
1686 2194 1773 2241 tibi
1817 2192 2020 2246 srahel?

630 2277 897 2339 Postquam
938 2288 1102 2323 autem
1130 2276 1222 2324 hoc
1250 2276 1412 2324 fecero
1456 2277 1573 2324 tibi<
1606 2293 1876 2340 preparare
1910 2276 1958 2323 in
1983 2292 2240 2323 occursum
2287 2274 2368 2322 dei

560 2361 627 2408 tui
654 2359 845 2416 srahel.‚
877 2359 1008 2421 Quia
1033 2376 1147 2408 ecce
1181 2358 1187 2422 Ι
1218 2375 1314 2421 4²5
1351 2359 1356 2425 Ι
1389 2360 1605 2408 formans
1632 2372 1825 2407 montes
1851 2371 1900 2407 et
1926 2374 2098 2406 creans
2124 2361 2327 2405 uentum
2354 2395 2364 2405 .

559 2455 607 2491 et
632 2443 929 2491 adnuntians
955 2443 1143 2490 homini
1168 2443 1418 2507 eloquium
1446 2461 1617 2499 suum,
1651 2444 1860 2491 Faciens
1894 2441 2184 2489 matutinam
2214 2440 2366 2488 nebu·

558 2527 653 2574 lam
682 2538 731 2575 et
755 2528 988 2592 gradiens
1014 2545 1162 2590 super
1199 2527 1395 2575 excelsa
1420 2539 1607 2576 terrae(
1641 2527 1871 2576 dominus
1912 2528 2034 2596 deus
2059 2525 2364 2574 exercituum

495 2634 512 2654 2
560 2628 739 2659 nomen
768 2612 902 2667 eius„
932 2611 1119 2658 Audite
1146 2612 1350 2658 uerbum
1378 2611 1470 2659 hoc
1495 2612 1628 2675 quod
1656 2628 1751 2676 ego
1776 2611 1888 2659 lebo
1915 2626 2063 2673 super
2087 2626 2177 2656 uos
2203 2607 2366 2671 planc-

560 2707 662 2742 tum
691 2712 954 2759 magnum<
982 2696 1158 2742 domus
1184 2694 1345 2742 srahel
1371 2696 1576 2744 cecidit<
1601 2712 1698 2742 non
1719 2694 1896 2742 adiciet
1914 2706 1966 2742 ut
1984 2705 2207 2758 resurgat
2227 2693 2366 2757 uirgo

559 2779 684 2827 srael
710 2779 728 2827 Ρ
1088 2832 1090 2835 ,

632 2863 856 2910 Proiecta
881 2874 955 2909 est
982 2863 1027 2909 in
1056 2874 1233 2910 terram
1262 2877 1430 2909 suamc
1464 2880 1561 2909 non
1588 2874 1663 2909 est
1688 2862 1770 2925 qui
1797 2862 2001 2910 suscitet
2022 2878 2162 2917 eam.,

629 2947 761 3008 Quia
786 2947 907 2994 haec
933 2947 1050 2994 dicit
1075 2946 1304 2993 dominus
1341 2946 1492 2997 deus..

634 3031 768 3079 Urbs
795 3032 857 3078 de
882 3049 978 3094 qua
1021 3030 1403 3095 egrediebantur
1429 3029 1587 3077 mille(
1629 3028 1930 3092 reliquerunt
1957 3029 2005 3076 in
2031 3045 2089 3077 ea
2131 3039 2360 3083 centum„

566 3116 633 3162 Et
676 3115 737 3162 de
764 3132 860 3178 qua
901 3115 1282 3179 egrediebantur
1308 3125 1534 3162 centum(
1581 3112 1883 3176 relinquetur
1926 3114 1973 3160 in
2000 3130 2058 3161 ea
2099 3112 2269 3160 decem
2315 3111 2374 3174 in-

665 3258 693 3274 12
707 3254 881 3275 mortuorum
894 3256 908 3273 1
922 3257 1023 3280 manu,
1038 3249 1097 3280 lege
1110 3248 1253 3276 hortorum
1325 3249 1354 3273 18
1368 3247 1461 3278 tlorris
1474 3255 1489 3273 2
1500 3257 1591 3273 manu
1603 3248 1633 3274 in
1647 3256 1704 3273 ras.
1778 3255 1806 3272 21
1821 3253 1959 3278 posquam
1971 3251 2043 3271 corr.
2115 3250 2232 3275 prepare
2245 3249 2260 3267 l
2273 3250 2311 3267 m.
