2554 3658
499 343 529 387 4
540 345 555 375 1
570 345 593 374 2
930 324 935 330 ’
1103 338 1354 379 HOMILI'AE
1390 347 1704 379 TOLETANAE.

557 457 744 497 Eundem
761 471 983 498 sermonem
990 461 1041 507 ,in
1059 472 1139 510 quo
1153 451 1336 499 doctrina
1354 462 1387 498 F
1390 461 1557 499 eclesiae
1572 460 1809 509 Catholicae
1823 460 1876 499 de
1889 452 2138 499 Eucharistia
2154 458 2308 510 egregie

504 508 699 559 asseritur,
722 520 810 562 post
831 491 1109 564 transcriptum
1133 514 1414 553 Homiliarium
1437 514 1589 553 Silense
1615 527 1747 553 rursus
1766 513 1898 553 inveni
1932 513 1973 552 in
1993 526 2073 552 una
2092 525 2140 553 ex
2170 514 2310 553 collec-

437 577 440 579 ’
505 564 679 604 tionibus
700 566 858 606 ineditis
878 568 1003 606 sancti
1024 567 1198 608 Caesarii
1219 568 1405 618 episcopi.
1429 567 1583 607 Alludit
1598 568 1857 607 concionator
1877 568 1929 607 ad
1944 580 2102 607 versum
2123 581 2148 616 4
2169 567 2310 618 psalmi

511 633 526 656 1
539 630 582 669 15
598 620 666 669 qui
680 621 798 670 paulo
818 628 910 660 ante
925 622 1050 660 lectus
1067 624 1203 670 fuerat,
1222 630 1259 661 et
1271 623 1320 661 ad
1335 623 1466 660 locum
1484 623 1611 661 Exodi
1634 622 1906 673 19,15.Conf.
1932 622 2095 661 Librum
2111 621 2310 662 comicum

509 672 547 710 in
569 674 708 714 Coena
724 675 889 713 Domini
910 676 960 714 ad
991 676 1177 714 Tertiam

568 796 595 838 f.
616 797 666 837 61
695 799 865 836 Sermo
886 799 948 836 de
965 797 1263 844 parascefen.
1290 797 1439 851 Quum
1459 795 1545 851 x'ps
1568 803 1727 851 sponte
1749 782 1965 838 inferos...
1984 795 2156 838 Exulta
2173 795 2315 838 celum

511 871 556 908 ct
578 866 693 908 laeta
714 868 809 908 esto
832 873 945 907 terra
955 899 1058 907 ......
1085 873 1129 908 et
1151 868 1193 907 in
1212 867 1360 907 inferis
1384 867 1498 908 uicit.
1526 868 1628 921 Ipse
1649 867 1725 921 qui
1747 879 1848 908 cum
1872 871 2009 920 patre,
2031 871 2113 907 etc.

568 993 695 1030 Totus
729 991 808 1030 fere
842 986 1027 1030 convenit
1058 1003 1149 1028 cum
1185 991 1525 1031 Pseudo—Eusebii
1556 991 1720 1030 homilia
1755 1004 1771 1029 1
1809 991 1861 1030 de
1892 990 2056 1038 Pascha,
2090 989 2217 1040 qualis
2246 989 2320 1028 sub

517 1045 726 1095 Augustini
748 1045 909 1084 nomine
929 1044 1069 1094 legitur
1089 1057 1147 1094 ap.
1183 1044 1320 1094 Migne
1342 1057 1404 1094 47,
1432 1058 1542 1095 1153.
1568 1047 1738 1084 Fontem
1759 1043 2038 1095 primigenium
2073 1042 2321 1094 evangelium

517 1099 730 1138 Nicodemi
751 1112 833 1149 cap.
862 1112 922 1148 23,
945 1105 1147 1137 auctorem
1183 1111 1274 1137 vero
1309 1099 1348 1137 in
1383 1100 1553 1138 obscuro
1584 1100 1716 1138 adhuc
1749 1098 1920 1149 positum
1957 1098 2176 1138 Eusebium
2209 1097 2321 1136 illum

516 1153 826 1192 Alexandrinum
862 1166 947 1192 esse
967 1152 1149 1191 existimo
1184 1153 1315 1203 (Conf.
1353 1155 1454 1192 Patr.
1491 1155 1557 1193 Gr.
1593 1155 1671 1201 86,
1708 1155 1783 1203 383
1819 1152 1923 1204 sq.)·
1955 1165 2074 1204 quem
2107 1151 2220 1191 facile
2252 1164 2325 1202 pro

519 1207 708 1246 Emesino
729 1207 923 1257 acceperit
946 1208 987 1253 is,
1011 1206 1078 1255 qui
1101 1206 1368 1245 Eusebianam
1401 1208 1653 1246 homiliarum
1684 1206 1961 1247 collectionem
1983 1213 2093 1246 sexto
2115 1205 2293 1245 saeculo
2283 1218 2323 1244 in

518 1261 643 1300 Gallia
665 1261 900 1312 composuit.
927 1262 989 1299 De
1009 1261 1152 1299 eodem
1174 1260 1268 1299 infra
1289 1262 1340 1300 ad
1362 1262 1385 1300 f.
1412 1270 1506 1311 291v
1526 1262 1692 1301 huiusce
1712 1260 1875 1301 codicis.

578 1376 603 1417 s.
625 1378 699 1428 63v
740 1378 866 1414 Item
901 1385 1064 1414 sermo
1086 1377 1148 1414 de
1169 1386 1269 1424 quo
1304 1386 1467 1425 supra.
1509 1377 1767 1434 Karissimi,
1793 1376 1894 1418 odie
1931 1375 2139 1417 dominus
2177 1380 2326 1416 noster

520 1446 666 1487 ihesus
690 1459 775 1499 xps
799 1447 840 1486 in
866 1452 1030 1487 statera
1053 1446 1193 1486 crucis
1220 1478 1324 1487 ......
1347 1440 1457 1487 'dum
1482 1447 1655 1487 ueneris
1677 1446 1720 1487 in
1744 1458 1929 1499 regnum
1952 1450 2094 1486 tuum.

577 1565 768 1614 Pleraque
790 1576 836 1602 ex
856 1562 902 1602 iis
923 1576 1025 1613 quae
1046 1563 1110 1601 hic
1131 1564 1313 1613 leguntur
1333 1566 1503 1615 reperies
1519 1564 1559 1603 in
1579 1564 1751 1615 append.
1777 1566 1942 1614 August.
1966 1575 2080 1603 serm.
2101 1573 2186 1613 153,
2209 1574 2245 1602 n.
2269 1575 2327 1600 1-2

523 1626 560 1657 et
581 1631 693 1657 serm.
723 1620 808 1668 156,
832 1631 866 1657 n.
893 1630 912 1668 5
937 1619 1085 1656 Fausto
1107 1618 1270 1669 Reiensi
1288 1626 1537 1669 nontemere
1558 1618 1750 1658 restituta.
1776 1619 1883 1657 Illud
1904 1618 2159 1656 solummodo
2194 1623 2330 1656 notare

523 1673 640 1720 iuvat,
667 1672 839 1711 mediam
862 1672 950 1711 heic
971 1671 1208 1711 concionem
1231 1672 1463 1723 interrumpi
1484 1686 1583 1712 voce
1605 1672 1725 1712 totius
1756 1671 1894 1723 populi
1915 1671 2185 1711 bonilatronis
2214 1670 2333 1710 verba

525 1727 768 1787 proferentis.
796 1726 955 1765 Deinde
976 1727 1080 1764 facto
1113 1725 1268 1766 silentio
1290 1726 1346 1765 sic
1367 1740 1498 1765 rursus
1533 1734 1689 1766 orator:
1712 1736 1733 1767 <(
1759 1728 1878 1765 Hanc
1899 1739 1991 1776 ergo
2024 1724 2331 1772 confessionem,

529 1791 549 1821 «
572 1781 710 1831 inquit,
743 1780 867 1819 sancti
901 1780 1002 1818 illius
1032 1780 1204 1828 latronis,
1236 1782 1372 1820 fratres
1393 1781 1600 1830 karissimi,
1623 1794 1742 1831 quam
1773 1781 2008 1819 decantando
2027 1779 2273 1830 protulimus,
2296 1786 2335 1818 et

534 1835 860 1888 «respondendo
895 1833 1091 1884 propriam
1127 1811 1293 1873 fecimus
1315 1845 1335 1875 »
1370 1843 1442 1874 ete.
1483 1837 1661 1885 Moxque
1692 1847 1916 1874 sermonem
1951 1833 1990 1872 in
2025 1835 2131 1872 hunc
2165 1834 2331 1872 modum

492 1911 495 1914 ⁴
527 1884 724 1928 absolvit:
748 1899 768 1930 «
791 1890 876 1927 Nos
896 1897 1042 1936 autem,
1066 1890 1211 1936 fratres,
1234 1890 1374 1928 eadem
1396 1889 1476 1939 que
1497 1890 1667 1928 diximus
1687 1903 1778 1927 cum
1812 1889 1961 1939 gemitu
1982 1895 2219 1938 repetamus,
2255 1888 2336 1926 Me-

530 1954 550 1983 «
574 1950 695 1982 mento
715 1957 785 1981 met
806 1944 896 1980 dum
919 1943 1064 1980 ueneris
1084 1957 1125 1980 m
1163 1956 1318 1992 regnum
1355 1949 1473 1981 tuum.
1500 1953 1521 1984 »
1554 1943 1710 1993 Quibus
1730 1943 1878 1982 ultimis
1917 1942 2044 1981 verbis
2065 1948 2264 1989 neumata,
2294 1941 2335 1980 id

529 2006 586 2037 est
622 2005 738 2036 notae
776 1997 960 2044 musicae,
994 1997 1126 2035 adhuc
1161 1997 1408 2047 superposita
1441 1996 1749 2048 conspiciuntur.
1785 1999 1917 2047 Atque
1957 1997 2065 2035 hunc
2105 2009 2256 2035 morem
2295 1995 2333 2033 in

510 2043 659 2090 *multis
698 2051 792 2090 ritus
831 2051 1013 2101 gallicani
1061 2051 1237 2090 ecclesiis
1279 2059 1483 2102 receptum
1530 2052 1648 2091 fuisse
1686 2051 1847 2091 aliunde
1886 2063 2051 2101 quoque
2103 2062 2332 2101 persuasum

518 2106 663 2145 habeo.

584 2221 610 2261 f.
633 2223 684 2272 65
727 2222 898 2259 Sermo
922 2221 970 2257 in
994 2221 1163 2266 uigilia
1184 2221 1378 2267 pasche.
1418 2220 1493 2261 Ad
1518 2226 1561 2262 te
1598 2216 1765 2273 loquor,
1802 2220 1905 2273 quia
1939 2225 1983 2260 et
2007 2219 2063 2259 de
2085 2224 2129 2260 te
2166 2218 2333 2272 loquor,

528 2292 710 2332 uerbum
749 2291 886 2344 patris
933 2322 1039 2330 ......
1085 2290 1285 2330 dicamus
1324 2303 1433 2330 uoce
1474 2289 1613 2342 patuli
1654 2289 1741 2330 oris
1768 2305 1776 2329 :
1817 2287 2045 2342 [A]leluia.
2091 2284 2333 2341 [L]a'udate

528 2361 758 2401 dominum
782 2361 838 2400 de
860 2359 964 2400 celis
988 2359 1167 2400 laudate
1189 2372 1293 2399 eum·
1314 2359 1357 2399 in
1381 2358 1579 2399 excelsis.
1607 2357 1813 2399 Alleluia.

586 2478 730 2518 Incerti
753 2478 934 2526 auctoris,
958 2478 1026 2528 qui
1047 2477 1140 2516 satis
1161 2476 1279 2516 distat
1295 2489 1318 2515 a
1347 2476 1462 2515 solita
1482 2476 1625 2516 latinae
1646 2475 1898 2526 eloquentiae
1919 2473 2150 2525 frugalitate.

588 2596 613 2637 f.
636 2596 709 2635 66v
748 2596 919 2633 Sermo
953 2595 1003 2630 in
1035 2594 1213 2630 hilaria
1232 2601 1376 2640 pasce
1399 2592 1459 2629 ad
1482 2592 1695 2629 missam.
1733 2590 1982 2640 Kar-issimi,
2018 2590 2147 2631 odiae
2184 2588 2333 2629 ihesus

531 2678 666 2715 meuS‚
688 2665 796 2705 deus
832 2676 955 2704 meus
992 2669 1036 2704 et
1070 2662 1277 2703 dominus
1313 2674 1436 2702 meus
1463 2693 1567 2702 ......
1594 2660 1687 2700 sine
1722 2658 1807 2700 fine
1844 2659 2090 2708 laudemus,
2125 2657 2199 2711 qui
2232 2670 2332 2697 cum

530 2734 614 2774 deo
637 2738 774 2786 patre,
797 2738 875 2772 etc.
1521 2719 1524 2722 Δ

586 2852 773 2890 Eiusdem
810 2852 909 2889 forte
940 2849 1121 2897 auctoris,
1157 2833 1269 2887 cuius
1301 2856 1359 2887 est
1393 2860 1522 2887 sermo
1543 2846 1746 2897 superior:
1769 2857 1860 2882 nam
1895 2843 2001 2882 idem
2023 2840 2184 2881 dicendi
2205 2853 2330 2891 genus

531 2907 820 2952 cothurnatum,
845 2917 974 2954 neque
995 2911 1127 2942 tamen
1149 2903 1360 2953 inelegans.
1386 2904 1501 2951 Quae
1521 2901 1585 2939 hic
1606 2900 1749 2939 dicitur
1773 2908 1793 2939 (<
1816 2897 1970 2936 Hilaria
1991 2898 2113 2935 Pasce
2135 2905 2155 2936 ))
2180 2897 2220 2933 in
2242 2896 2332 2934 Bre-

531 2959 651 2999 viario
674 2959 931 2997 Mozarabum
955 2968 975 2998 «
999 2957 1179 2996 Laetatio
1203 2957 1377 2996 Paschae
1396 2966 1416 2997 »
1439 2955 1663 2994 inscribitur
1685 2954 1757 3004 (M.
1784 2954 1847 3000 86,
1870 2951 1976 3002 615).

590 3076 614 3117 s
638 3076 704 3116 68
735 3076 905 3113 Sermo
926 3075 986 3111 de
1009 3074 1225 3110 secunda
1247 3072 1367 3109 feria
1387 3080 1544 3118 pasce.
1570 3069 1749 3124 Quum'
1739 3082 1782 3109 1n
1798 3066 2095 3108 sacratissima
2109 3063 2328 3118 paschalis
2377 3072 2383 3079 ¹

532 3146 618 3186 diei
646 3177 750 3184 ......
777 3144 990 3184 concedat
1025 3142 1235 3195 plubiam,
1264 3142 1428 3182 tribuat
1467 3145 1747 3193 peccatorum
1782 3124 2119 3189 indulgentiam.
2158 3131 2240 3175 Cui
2263 3139 2329 3173 est

530 3215 683 3263 honor,
706 3219 785 3253 etc.
