2554 3658
0 2437 10 2719 ψ-ι-νῐ-,ν-τ-τ-
0 2420 3 2428 -
0 2402 3 2403 =
0 2345 6 2396 -—r

898 335 1150 370 HOMILIAE
1186 335 1503 369 TOLETANAE.
2006 339 2101 386 407

350 522 441 563 Fol.
466 533 490 563 2
518 519 524 577 Ι
552 528 595 562 et
619 521 796 562 subolis.
820 520 1000 562 Subolis
1036 518 1169 560 deum
1193 524 1365 572 patrem
1375 551 1479 559 ......
1519 525 1566 559 ut
1590 521 1811 572 possimus
1838 535 1925 562 non
1949 523 2105 563 timere

290 605 391 633 eum
433 604 570 646 quum
605 591 782 632 iudicat.
820 589 908 644 Qui
943 601 1042 629 cum
1078 588 1164 628 deo
1202 593 1328 640 patre
1369 596 1411 628 et
1448 597 1605 629 sancto
1640 589 1795 642 spiritu
1827 591 1868 630 in
1909 591 2107 632 trinitate

291 674 403 701 unus
444 661 554 702 deus
590 660 702 701 uiuit
733 665 781 700 et
818 664 971 713 regnat
1009 670 1091 711 per·
1128 669 1371 710 numquam
1418 655 1609 698 finienda
1654 659 1800 699 secula
1843 660 2105 702 seculorum.

292 729 454 771 Amen.

345 852 534 893 Clausula
555 860 613 892 est
634 851 828 892 sermonis
848 850 1026 902 proxime
1047 849 1339 900 subsequentis.

352 973 442 1014 Fol.
465 985 493 1025 4
526 974 700 1012 Sermo
722 974 773 1011 in
793 976 972 1022 quarto
993 972 1246 1012 dominico
1266 971 1330 1009 de
1349 971 1627 1010 aduentum
1653 973 1857 1011 domini.
1895 974 2107 1015 Proxima

291 1041 517 1083 dominica
543 1075 649 1084 ......
675 1049 719 1083 et
741 1042 921 1084 subolis.
946 1041 1093 1083 Deum
1116 1047 1290 1095 patrem
1315 1040 1482 1082 iudicat
1504 1041 1774 1095 uirginitatis
1797 1043 1839 1083 in
1868 1040 1874 1097 Ι
1907 1052 1948 1096 5v

347 1167 440 1216 Ipsa
459 1173 517 1205 est
540 1165 707 1205 Maximi
727 1166 987 1206 Taurinensis
1008 1164 1172 1204 homilia
1196 1176 1214 1214 7
1239 1163 1397 1216 (Migne
1419 1166 1461 1203 P.
1487 1166 1528 1203 L.
1554 1147 1616 1216 57}
1644 1180 1662 1203 2
1670 1166 1750 1217 35).

351 1286 377 1328 f.
409 1287 438 1328 6
472 1288 644 1326 Sermo
681 1287 733 1324 in
765 1286 794 1338 (.
831 1285 872 1328 U
909 1319 917 1327 .
951 1285 998 1327 in
1033 1285 1209 1336 rasura)
1245 1286 1499 1347 dominico
1538 1286 1600 1324 de
1640 1287 1859 1325 aduentu
1902 1287 2107 1325 domini.

295 1356 531 1397 Karissimi
569 1355 647 1397 filii
684 1356 878 1410 propitia
915 1354 1152 1397 diuinitate
1186 1355 1303 1396 diem
1340 1355 1511 1396 domini
1549 1388 1654 1396 ......
1690 1362 1782 1397 tam
1821 1357 2110 1398 deuotissime

294 1438 594 1480 preparamus.
620 1425 709 1480 Qui
732 1437 833 1466 cum
857 1424 942 1466 deo
965 1430 1103 1478 patre,
1121 1430 1201 1466 etc.

349 1547 544 1596 Pleraque
564 1546 777 1595 desumpta
798 1552 890 1584 sunt
911 1558 957 1584 ex
978 1557 1162 1584 sermone
1181 1544 1218 1583 S.
1243 1544 1417 1585 Caesarii
1438 1546 1682 1584 Arelatensis
1702 1546 1885 1596 Propitt‘a
1905 1546 2113 1585 dtvinitate

295 1599 700 1652 (Pseudo-Augustin.
729 1613 743 1637 1
756 1598 832 1650 15),
864 1598 1009 1650 quibus
1038 1597 1307 1638 conclusionis
1327 1600 1449 1639 instar
1469 1613 1622 1639 annexa
1656 1607 1717 1639 est
1737 1600 1836 1639 haec
1857 1601 2026 1640 formula
2059 1601 2111 1639 ad

295 1654 553 1695 indicendum
576 1655 719 1694 festum
741 1652 969 1693 Nativitatis
991 1652 1158 1693 Domini
1176 1668 1184 1692 z

352 1719 372 1750 «
391 1710 455 1749 Ne
472 1722 564 1748 vero
586 1716 693 1747 tante
710 1707 987 1747 sollemnitatis
1003 1708 1236 1747 memoriam
1253 1707 1462 1759 preterisse
1477 1708 1695 1756 videamur,
1713 1708 1931 1748 adiubante
1945 1708 2112 1748 domino

298 1773 319 1805 «
340 1763 624 1803 adnuntiamus
645 1762 873 1802 dilectionae
894 1769 1044 1801 vestrae
1064 1761 1253 1813 gaudium
1274 1776 1463 1813 magnum
1485 1763 1595 1812 quod
1616 1771 1674 1802 est
1688 1770 1869 1802 sanctum
1887 1763 1926 1801 in
1948 1776 2110 1802 omnem

229 1860 235 1862 ⁷
296 1829 317 1859 (ζ
339 1826 493 1858 terram.
518 1818 602 1857 Erit
623 1817 758 1867 itaque
779 1816 965 1856 nativitas
986 1816 1140 1856 domini
1167 1824 1207 1856 et
1240 1817 1475 1856 redemtoris
1510 1817 1633 1856 nostri
1654 1817 1766 1856 ihesu
1802 1818 1866 1867 xpi
1889 1819 2111 1857 secundum

297 1882 318 1914 <
340 1884 498 1912 carnem
520 1873 585 1911 die
619 1871 670 1910 ill.
708 1872 841 1921 Quam
875 1872 962 1921 pius
995 1878 1033 1910 et
1052 1869 1274 1910 misericors
1308 1869 1407 1910 deus
1444 1885 1514 1922 pro
1535 1885 1606 1910 sua
1626 1871 1773 1922 pietate
1795 1885 1868 1911 nos
1889 1880 1927 1911 et
1949 1885 2110 1911 omnem

297 1937 318 1968 (ί
339 1928 535 1988 populum
574 1939 691 1965 suum
730 1939 822 1964 cum
862 1925 1010 1975 gaudio
1049 1933 1087 1964 et
1117 1924 1268 1965 laetitia
1295 1926 1521 1966 caelebrare
1552 1925 1782 1976 permittat:
1816 1934 2015 1976 prestante
2044 1928 2112 1965 do-

296 1991 318 2023 «
340 1993 462 2029 mmo,
487 1991 508 2022 ))
532 1987 607 2020 etc.

354 2098 378 2140 f.
415 2100 459 2139 8v
495 2099 667 2137 Sermo
703 2098 767 2136 de
804 2098 939 2136 diem
974 2098 1144 2134 sancte
1181 2095 1409 2144 Eolaliae.
1448 2093 1837 2137 Sollemnitatibus
1881 2095 2110 2136 martirum

295 2174 476 2210 sanctae
501 2168 706 2209 lectionis
732 2200 896 2208 .........
923 2172 967 2208 et
989 2179 1116 2206 orrea
1138 2165 1217 2219 xpi
1241 2165 1535 2219 inpleuerunt.
1561 2165 1641 2205 Per
1665 2165 1925 2220 Dominum,
1947 2172 2028 2208 etc.

350 2291 386 2329 S.
412 2289 623 2340 Augustini
644 2302 787 2338 sermo,
811 2288 938 2328 brevis
960 2287 1137 2338 quidem,
1167 2288 1237 2327 sed
1259 2287 1547 2338 pulcherrimus
1567 2295 1688 2338 atque
1709 2287 1968 2337 indubitatus,
1991 2302 2110 2338 quem

294 2352 424 2391 antea,
446 2344 521 2382 nisi
541 2345 666 2391 fallor,
690 2343 938 2395 incognitum
961 2342 1110 2393 primus
1131 2342 1240 2381 edidi
1262 2342 1302 2381 in
1323 2342 1581 2393 ephemeride
1613 2355 1716 2392 quae
1737 2342 1963 2382 inscribitur
1983 2345 2114 2382 Revue

293 2399 530 2446 be'ne‘dictine,
554 2407 577 2436 t.
602 2399 711 2437 VIII
735 2397 785 2450 (a.
814 2397 934 2448 1891)
956 2411 992 2448 p.
1016 2399 1107 2445 418.

356 2514 381 2557 f.
410 2526 461 2556 10
490 2515 664 2553 Sermo
685 2491 816 2554 beati
837 2514 1057 2553 Atanasii
1079 2513 1140 2551 de
1162 2512 1449 2559 uirginitate
1471 2515 1670 2550 sanctae
1695 2513 1895 2551 Mariae.
1927 2513 2111 2567 [E]xor-

296 2592 416 2627 tatur
449 2598 530 2626 nos
566 2585 776 2630 dominus
810 2585 919 2626 deus
958 2589 1107 2625 noster
1134 2616 1239 2624 ......
1267 2587 1408 2623 mater
1445 2581 1760 2623 humanitatis.>
1784 2583 1985 2625 Uerbum
2010 2598 2112 2624 caro

296 2655 463 2696 sactum
486 2660 553 2696 est
575 2661 620 2696 et
643 2654 864 2696 habitauit
887 2654 931 2694 in
955 2652 1092 2693 nobis.
1354 2654 1357 2655 ⁷

352 2772 578 2821 Augustino
626 2772 723 2811 olim
765 2771 1000 2821 adscriptus,
1046 2776 1257 2820 postquam
1297 2783 1319 2808 a
1361 2769 1555 2808 Maurinis
1598 2769 1802 2808 sodalibus
1845 2772 2013 2821 rejectus
2053 2779 2111 2810 est

298 2826 659 2878 (Pseudo-August.
684 2838 798 2868 serm.
817 2825 923 2876 245),
946 2838 968 2864 a
987 2826 1028 2864 P.
1053 2823 1226 2863 Florezio
1248 2831 1424 2874 repertus
1444 2823 1517 2862 fuit
1533 2823 1572 2862 in
1589 2824 1732 2863 codice
1753 2837 1821 2863 ms.
1842 2826 1987 2864 saeculi
2002 2826 2109 2864 XIII

299 2888 388 2931 post
407 2880 585 2919 libellum
606 2881 657 2920 de
678 2880 914 2930 Virginitate
934 2881 971 2919 S.
996 2878 1149 2918 Mariae
1169 2878 1243 2917 sub
1264 2877 1427 2918 nomine
1458 2878 1583 2917 sancti
1616 2878 1845 2917 Hildefonsi
1868 2879 2025 2930 (Migne
2047 2883 2109 2930 96,

301 2934 409 2986 280).
431 2934 611 2974 Forsitan
631 2935 682 2974 ab
707 2935 951 2974 Hildefonso
973 2933 1012 2972 in
1036 2946 1151 2972 usum
1173 2932 1398 2983 liturgicum
1419 2945 1633 2972 conversus
1654 2932 1780 2980 fuerit,
1813 2946 1904 2972 nam
1926 2942 1964 2973 et
1985 2942 2111 2974 vetus-

298 2989 450 3029 tissimo
487 2988 638 3028 Missali
673 2990 872 3029 Toletano
905 2989 1028 3039 (Mus.
1064 2986 1239 3026 Britann.
1274 2986 1410 3026 Addit.
1446 2989 1590 3037 30844‚
1613 2987 1634 3024 f.
1660 2987 1798 3037 41-46)
1831 2987 2000 3027 insertus
2020 2997 2078 3028 est
2103 3004 2111 3028 ε

299 3052 572 3084 verumtamen
593 3043 692 3083 mihi
711 3043 876 3094 quidem
897 3042 1098 3093 antiquior
1117 3054 1204 3081 esse
1219 3039 1386 3082 videtur.
1406 3042 1593 3081 Ceterum
1610 3041 1640 3079 si
1662 3054 1829 3091 quaeras
1849 3044 2108 3093 quamobrem

299 3097 406 3138 idem
427 3111 557 3139 sermo
578 3098 798 3138 Athanasio
819 3109 982 3149 quoque
1003 3095 1172 3136 tributus
1185 3095 1246 3143 sit,
1262 3095 1361 3134 illud
1381 3108 1524 3134 causae
1546 3095 1665 3135 fuisse
1685 3095 1878 3144 existimo,
1902 3099 2011 3147 quod
2033 3099 2110 3136 loci

299 3152 493 3201 nonnulli,
527 3151 756 3204 praesertim
792 3151 831 3190 in
866 3150 1042 3198 exordio,
1079 3150 1262 3201 symbolo
1295 3151 1406 3201 quod
1444 3150 1544 3189 falso
1579 3148 1724 3189 dicitur
1760 3151 1966 3191 Athanasii
2002 3153 2109 3191 haud

299 3207 499 3248 absimiles
520 3215 622 3246 sunt.
