2554 3658
454 314 572 355 vm
606 312 608 316 ·
1047 370 1049 374 Ι
1166 314 1549 358 PRAEFATIO.

461 440 748 510 Silensis
787 442 1169 547 monasterii
1209 442 1750 532 Carthaginensi,
1807 441 1933 510 hoc
1970 456 2086 521 est,
2126 441 2265 509 To-

455 535 712 604 letanae
789 536 1168 626 provinciae
1236 536 1602 626 peculiares
1669 535 1976 626 primitus
2044 535 2263 615 fuisse,

456 630 1044 719 persuasiss1murn
1075 630 1292 699 habeo
1322 636 1405 715 (¹).
1452 630 1656 699 Certe
1686 629 1952 703 codices
1992 630 2262 698 Toleta-

457 751 579 792 nos
628 725 801 793 bene
831 725 1077 794 multos
1108 724 1476 793 monachoi
1480 751 1592 792 um
1630 723 1902 814 praefati
1956 722 2261 792 coenobii

455 818 613 886 olim
652 818 854 887 fuisse
891 819 1183 923 ostendit
1244 818 1584 909 catalogus
1635 846 1801 887 saec,
1851 817 2057 907 XIII
2111 845 2261 885 con-

456 912 758 1002 scriptus,
799 913 911 1002 qui
975 913 1040 981 in
1095 913 1326 981 codice
1370 912 1726 980 parisiensi
1781 939 1927 980 nov.
1970 939 2114 1001 acq.
2154 911 2256 1015 lat

460 1015 636 1096 2169
676 1006 822 1092 (Sil.
869 1013 1024 1092 XXV)
1063 1007 1166 1076 fol,
1222 1015 1324 1075 16
1384 1006 1636 1097 legitur.
1704 1007 1903 1075 Haec
1955 1033 2132 1075 enlm
2194 1005 2259 1074 in

455 1129 533 1169 eo
571 1101 739 1170 inter
767 1116 983 1171 cetera
1017 1101 1536 1170 describuntur:

748 1303 845 1363 16.
896 1295 1033 1363 Las
1059 1293 1383 1362 homelias
1421 1294 1780 1363 toledanas

747 1417 843 1478 19.
890 1388 975 1456 El
1005 1388 1316 1477 psalterio
1351 1388 1633 1479 glosado
1670 1388 1998 1457 toledanO.

741 1510 842 1553 22.
874 1482 1139 1551 -Missal
1177 1483 1509 1551 toledanO.

742 1605 846 1665 32.
890 1578 1069 1646 Tres
1108 1577 1321 1668 reglas
1375 1577 1741 1653 toledanas·

742 1697 841 1760 37.
892 1672 1033 1740 Los
1063 1671 1445 1762 evangelios
1475 1672 1840 1741 toledanos.

734 1794 840 1854 43.
893 1766 1136 1834 Missal
1168 1766 1497 1835 toledanO.

737 1870 840 1948 84.
890 1861 1002 1928 XI
1040 1860 1386 1950 psalterios
1415 1861 1779 1930 toledanos

555 2055 770 2123 Haud
839 2054 976 2122 scio
1012 2081 1095 2122 an
1133 2053 1295 2122 liber
1331 2082 1610 2124 numero
1652 2080 1730 2142 37
1773 2068 2038 2123 notatus
2075 2053 2253 2122 idem

453 2151 534 2219 sit
588 2166 785 2238 atque
848 2148 1175 2219 Comicus
1249 2164 1474 2218 noster
1513 2179 1522 2218 :
1590 2149 1865 2218 fortasse
1926 2148 2030 2228 ita,
2101 2147 2251 2216 licet

452 2244 854 2312 contendere
909 2269 1041 2309 non
1079 2242 1309 2311 ausim,
1376 2244 1614 2333 Ipsum
1654 2259 1875 2312 tamen
1929 2242 2013 2311 ad
2049 2269 2247 2311 usum

455 2338 867 2406 Toletanum
893 2363 1118 2404 revera
1146 2337 1564 2406 referendum
1596 2366 1739 2407 esse
1761 2336 1946 2406 testis
1969 2335 2251 2405 habetur

451 2431 1015 2521 locupletissimus
1081 2431 1149 2500 S.
1202 2431 1672 2513 HildefonsuS,
1725 2431 1837 2521 qui
1904 2430 2250 2500 Ecclesiae

455 2527 520 2593 I
529 2526 829 2594 oletanae
851 2525 1144 2628 praefuit
1203 2527 1288 2594 ab
1324 2554 1502 2595 anno
1543 2526 1797 2597 Christi
1861 2532 1989 2611 657
2028 2524 2114 2594 ad
2141 2551 2242 2592 an.

453 2628 602 2704 667.
653 2620 722 2687 Is
759 2619 936 2686 enim
968 2646 1032 2686 in
1071 2647 1270 2709 opere
1308 2648 1449 2701 suo,
1489 2620 1672 2711 quod
1727 2618 2107 2688 inscribitur
2139 2618 2252 2686 De

449 2741 548 2803 cog
527 2716 807 2781 malliam)
855 2714 1209 2801 Baptismz,
1273 2731 1424 2805 post
1461 2714 1762 2805 exposita
1831 2741 1969 2804 cap.
2040 2737 2118 2798 27
2184 2727 2248 2781 et

510 2960 541 2989 1.
569 2947 653 2988 His
686 2947 800 2987 adde
846 2945 1097 2987 orationale
1119 2945 1357 2996 Gothicum,
1390 2948 1507 3000 quod
1531 2961 1554 2987 e
1577 2945 1822 2988 Veronensi
1846 2958 1924 2984 ms.
1957 2943 2096 2984 edidit
2112 2942 2249 2983 'Bian-

448 3012 631 3060 chinius,
664 3010 779 3063 Opp.
804 3009 1033 3064 Thomasii
1069 3015 1174 3051 tom.
1199 3010 1232 3050 Ι.
1257 3011 1429 3051 Romae
1466 3021 1586 3063 1741.
1623 3010 1749 3051 Idem
1786 3007 2044 3050 Orationale
2076 3006 2249 3060 plenius

446 3075 628 3116 exhibet
651 3074 794 3113 codex
834 3072 1030 3122 silemsis,
1052 3085 1168 3113 nunc
1202 3074 1374 3114 Musaei
1408 3074 1604 3115 Britann.
1638 3072 1793 3114 Addit.
1828 3072 1980 3123 30852,
2001 3069 2250 3122 descriptus

406 3174 408 3176 .
447 3140 502 3179 ab
535 3139 583 3178 E.
610 3138 668 3178 M.
691 3137 965 3188 Thompson,
1006 3135 1235 3189 Cataloglce
1269 3137 1323 3188 of
1345 3137 1515 3178 ancient
1555 3134 1844 3188 manuscripts
1886 3134 1930 3174 in
1979 3132 2046 3173 the
2078 3131 2249 3173 Brz'tislz

446 3201 664 3242 Museum.
691 3200 804 3240 Part.
824 3199 1018 3249 II,1atin.
1042 3199 1178 3240 in-sol.
1204 3200 1406 3250 London‚
1435 3203 1554 3252 1884,
1576 3215 1614 3254 p.
1644 3200 1784 3252 58-60.
