2554 3658
527 349 551 380 2
633 325 636 329 ›
984 350 1040 381 IN
1079 344 1120 381 ΙΟ
1157 349 1410 383 DOMI-NICO
1447 352 1514 383 DE
1549 352 1852 386 ADUENTUM.
1918 340 1924 345 ο

594 461 663 510 Et
702 461 986 510 conflabunt
1023 461 1216 526 gladios
1258 479 1374 510 suos
1417 463 1465 511 in
1509 467 1750 513 uomeres.
1796 478 1845 513 et
1887 465 2082 515 lanceas
2124 485 2237 516 suas
2277 468 2325 515 in

526 543 704 601 falces,
754 545 873 604 Non
897 544 1083 593 lebabit
1107 562 1231 609 gens
1257 557 1427 594 contra
1451 558 1652 611 gentem
1679 547 1912 612 gladium.
1943 566 2103 614 neque
2129 567 2326 599 exerce-

524 628 707 676 buntur
731 628 856 677 ultra
881 629 943 676 ad
969 628 1237 692 praelium,
1269 630 1463 677 Domus
1498 631 1666 679 iacob(
1706 632 1873 680 uenite
1911 643 1960 680 et
2002 633 2324 681 ambulemus.

524 711 573 759 in
598 711 780 760 lumine
805 713 1021 768 domini.,
1057 713 1112 759 In
1140 712 1219 760 die
1239 711 1319 760 illa
1339 714 1428 761 erit
1448 721 1652 776 germen
1673 714 1860 762 domini
1887 715 1935 762 in
1963 716 2327 780 magnificentia

481 810 499 844 5
524 807 572 843 et
598 795 646 842 in
670 794 840 860 gloria.
869 807 918 843 et
944 795 1127 843 fructus
1154 790 1312 844 terrae
1337 802 1499 844 nostre
1524 798 1614 845 erit
1640 797 1892 846 sublimisc
1916 810 1964 846 et
1990 798 2228 847 exultatio
2253 799 2328 847 his

523 878 606 942 qui
645 877 819 926 salbati
845 878 1024 926 fuerint
1049 878 1111 926 de
1137 878 1329 935 srahel,
1363 880 1430 927 Et
1456 880 1547 928 erit
1584 881 1746 929 omnis
1771 881 1855 945 qui
1883 881 2079 931 relictus
2106 882 2253 931 fuerit
2279 883 2328 931 in

523 979 648 1026 syon
681 974 729 1011 et
778 962 1001 1010 residuus
1044 963 1091 1009 in
1135 962 1459 1010 iherusalems.
1507 976 1705 1017 san-ctus
1748 966 2004 1014 uocauitur
2046 967 2206 1015 omnis
2243 967 2326 1031 qui

523 1046 733 1110 scriptus
752 1057 839 1094 est.
860 1046 908 1093 in
934 1045 1034 1094 uita
1055 1046 1103 1093 in
1124 1045 1419 1094 iherusalem
1439 1059 1523 1110 ayt
1544 1048 1773 1096 dominus
1794 1049 2141 1112 omnipotens,
2165 1066 2323 1098 amen.

605 1185 920 1224 EPISTOLA
944 1179 1137 1224 PAUL1
1162 1186 1474 1225 APOSTOLI
1490 1185 1507 1216 4
1536 1188 1621 1226 AD
1646 1187 1992 1238 ROMANOs.‚
2019 1186 2095 1239 (XI
2115 1188 2249 1238 25-31)

427 1300 432 1305 '
463 1325 501 1349 10
593 1303 963 1351 FRATRES<
1010 1302 1125 1351 nolo
1165 1303 1393 1368 ignorare
1435 1321 1525 1352 uos
1567 1304 1841 1352 misterium
1880 1305 1964 1353 laoc
2002 1317 2053 1354 ut
2091 1322 2189 1354 non
2223 1305 2329 1354 sitis

525 1398 718 1435 uosmet
744 1386 862 1450 ipsis
904 1386 1168 1449 sapientes,
1196 1386 1311 1450 quia
1335 1386 1514 1434 cecitas
1540 1404 1601 1435 ex
1628 1398 1767 1450 parte
1793 1388 2036 1453 contingit
2062 1388 2109 1435 in
2135 1387 2323 1436 srahelc

525 1471 682 1519 donec
724 1469 980 1534 plenitudo
1022 1470 1246 1534 gentium
1301 1469 1306 1535 Ι
1356 1483 1415 1531 37
1461 1469 1468 1536 Ι
1524 1471 1728 1519 intraret
1770 1483 1819 1520 et
1858 1472 1926 1520 sic
1965 1472 2126 1521 omnis
2168 1472 2328 1521 srahel

525 1554 691 1603 salbus
716 1553 884 1603 fieret<
917 1554 1041 1602 sicut
1068 1554 1304 1617 scriptum
1331 1565 1437 1613 est.,

597 1639 772 1687 Beniet
797 1652 989 1702 exyonc
1038 1638 1121 1701 qui
1165 1638 1340 1700 eripiat
1378 1649 1427 1686 et
1465 1651 1656 1687 auertat
1695 1640 1960 1703 inpietates
1993 1641 2056 1688 ab
2082 1641 2250 1689 iacob(
2283 1653 2332 1689 et

463 1737 500 1772 15
525 1723 618 1771 hoc
644 1722 737 1771 illis
762 1740 790 1770 a
815 1740 894 1770 me
920 1729 1273 1770 testamentum
1297 1739 1407 1769 cum
1433 1722 1682 1771 abstulero
1718 1735 1920 1786 peccata
1945 1741 2128 1772 eorum.

594 1806 880 1855 Secundum
906 1805 1218 1870 euangelium
1245 1806 1460 1869 quidem.
1490 1806 1670 1854 inimici
1695 1819 1897 1870 propter
1921 1824 2040 1865 uos.,
2075 1836 2077 1838 ·

595 1891 882 1939 Secundum
907 1889 1196 1938 electionem
1222 1901 1388 1938 autem
1414 1890 1686 1938 karissimis.
1720 1904 1923 1955 propter
1947 1903 2142 1955 patres,

597 1975 717 2024 Sine
742 1975 1014 2038 penitentia
1039 1975 1170 2022 enim
1198 1986 1312 2022 sunt
1337 1974 1493 2022 dona?
1540 1987 1589 2023 et
1616 1976 1807 2024 uocatio
1833 1976 1945 2033 dei.,

553 2064 556 2068 '
597 2059 736 2108 Sicut
778 2059 908 2107 enim
948 2058 1211 2122 aliquando
1257 2075 1344 2106 uos
1388 2075 1485 2105 non
1524 2058 1799 2107 credidistis
1842 2059 1951 2107 deo.
1998 2075 2124 2106 nunc
2167 2069 2330 2106 autem

463 2163 505 2187 20
529 2143 913 2191 misericordiam
939 2143 1190 2190 consecuti
1215 2143 1334 2190 estis
1359 2154 1561 2206 propter
1587 2142 1778 2191 illorum
1810 2142 2230 2191 incredulitatemc
2265 2142 2332 2190 ita

529 2239 578 2277 et
603 2228 681 2276 isti
706 2245 801 2277 non
825 2228 1140 2276 crediderunt
1165 2228 1213 2275 in
1241 2239 1454 2275 uestram
1483 2226 1895 2274 misericordiam(
1927 2237 1980 2274 ut
2001 2237 2050 2274 et
2070 2225 2161 2289 ipsi
2189 2225 2331 2273 mise-

529 2313 787 2361 ricordiam
813 2322 1207 2375 consequantur<

600 2396 693 2444 Per
718 2395 908 2443 ihesum
935 2412 1052 2458 xpm
1078 2395 1332 2442 dominum
1360 2406 1596 2442 nostrum.
1627 2395 1806 2442 Amen.
1835 2392 1854 2460 ΙΙ

559 2508 789 2571 LECTIO
824 2530 1055 2569 SANCTI
1099 2527 1489 2566 EUANGELIIl
1533 2527 1890 2568 SECUNDUM
1934 2529 2304 2578 MATHEUM.,

465 2614 506 2650 25
920 2601 1005 2653 (III
1040 2598 1145 2650 1-11)
1176 2599 1421 2640 GLORIA
1450 2598 1588 2637 TIUI
1626 2598 1924 2648 DOMINE.,
2113 2601 2116 2604 “

603 2717 679 2765 ΙΝ
714 2717 884 2765 ILLO
913 2715 1292 2763 TEMPORE.
1324 2713 1457 2761 uenit
1483 2712 1687 2761 iohanes
1730 2712 1945 2760 babtista
1977 2681 2238 2775 predicans
2280 2714 2327 2761 in

571 2840 585 2865 5
604 2835 698 2858 nostre
709 2830 777 2857 add.
797 2832 859 2862 sup.
874 2829 926 2856 lin.
966 2839 997 2855 10
1008 2829 1062 2856 hoc
1076 2828 1144 2855 add.
1161 2831 1222 2861 sup.
1242 2829 1293 2854 lin.
1335 2837 1364 2860 14
1377 2826 1478 2860 eripiet
1489 2835 1563 2853 corr.
1611 2835 1640 2859 15
1654 2827 1867 2857 testamenltum
1879 2827 1948 2853 add.
1965 2836 1987 2854 s.
2007 2827 2026 2853 l.
2064 2837 2093 2854 21
2110 2827 2156 2855 isti
2170 2837 2244 2855 nunc
2257 2837 2332 2856 corr.

531 2886 562 2909 23
574 2877 668 2907 amen]
680 2884 729 2909 per
741 2875 824 2902 fidem
837 2884 892 2908 que
910 2880 952 2901 est
964 2873 993 2901 in
1005 2882 1061 2907 xpo
1074 2873 1123 2900 ihu
1136 2874 1193 2900 dno
1206 2882 1255 2900 nso
1268 2873 1337 2899 add.
1353 2881 1447 2905 marg.
1467 2872 1554 2904 infir.

542 2960 545 2961 ⁷
574 2978 626 3013 25.
651 2971 766 3003 Gloria
779 2971 850 3002 tim·
868 2970 1026 3009 Domine]
1053 2969 1168 3001 Ritum
1196 2967 1401 3000 decantandi·
1471 2974 1487 2999 ((
1504 2967 1724 3009 praecedente
1753 2968 1973 3010 Evangelium
2006 2980 2175 3002 cereorum
2208 2970 2335 3004 lumine

534 3026 707 3069 Evangelii
723 3026 770 3058 ita
786 3025 977 3058 describunt
995 3025 1153 3056 Etherius
1169 3029 1201 3056 et
1219 3025 1342 3055 Beatus
1366 3023 1400 3054 in
1471 3028 1489 3053 <(
1506 3021 1539 3053 in
1558 3021 1653 3063 signo
1668 3022 1782 3064 gaudii
1798 3027 1831 3054 et
1847 3022 1995 3063 laetitiae,
2011 3034 2050 3056 eo
2067 3025 2156 3066 quod
2170 3026 2236 3058 tale
2250 3036 2332 3057 nun-

534 3081 686 3123 Epistola
701 3081 742 3112 ad
762 3080 978 3121 Elipandum,
1009 3090 1038 3111 c.
1057 3079 1099 3110 66
1123 3079 1228 3118 (Patr.
1250 3078 1324 3109 Lat.
1344 3077 1397 3117 96,
1472 3075 1587 3108 «tium
1604 3076 1776 3116 diaconus,
1805 3076 1839 3108 id
1866 3082 1926 3116 est,
1955 3078 2175 3120 Evangelium
2199 3079 2335 3113 Domini

532 3137 610 3177 935)
625 3147 632 3167 :
651 3142 670 3167 «
687 3135 773 3167 Cum
791 3133 1010 3175 Evangelium
1028 3145 1048 3165 a
1064 3132 1166 3165 levita
1182 3143 1281 3174 super
1297 3132 1401 3163 altare
1473 3136 1490 3161 «
1508 3130 1611 3162 nostri
1625 3131 1704 3172 Jesu
1722 3130 1859 3170 Christi,
1882 3132 1972 3163 clara
1988 3142 2069 3164 voce
2088 3133 2213 3174 populo
2236 3134 2336 3166 habet

534 3191 707 3227 «levatur,
726 3199 746 3220 a
762 3188 863 3220 levita
887 3187 1031 3229 primum
1048 3187 1179 3225 dicitur,
1209 3187 1302 3217 Laus
1327 3185 1401 3225 tibi,
1474 3192 1492 3217 <<
1507 3184 1671 3219 intonare.
1690 3186 1785 3218 Tunc
1810 3185 1979 3218 silentium
2003 3187 2157 3220 omnibus
2180 3187 2334 3230 imperat,

537 3253 554 3279 ς(
572 3245 714 3277 Domine
727 3244 812 3285 Jesu
831 3243 972 3280 Christe,
998 3243 1070 3273 lx'ex
1091 3247 1240 3272 aeternae
1258 3241 1399 3281 gloriae,
1475 3246 1492 3271 <(
1509 3244 1541 3271 et
1558 3239 1661 3271 dicit:
1690 3240 1798 3272 Lectio
1823 3241 1932 3272 sancti
1956 3241 2139 3282 Evangelii
2158 3244 2337 3275 secundum
