2554 3658
459 307 521 367 84
928 304 1014 369 (110
1050 320 1304 354 D0M1N1co
1340 321 1407 353 AD
1445 302 1799 369 MATUTINUM.)

534 438 603 485 Et
641 436 811 485 statuit
853 452 1109 484 sermones
1153 452 1270 484 suos
1299 475 1308 483 .
1335 453 1462 499 quos
1505 435 1738 499 loquutus
1781 446 1857 483 est
1899 452 2049 498 super
2092 452 2182 484 nos
2224 447 2275 484 et

427 574 429 576 ,
464 538 612 585 super
631 521 877 584 principes
899 531 1095 567 nostros
1114 519 1197 582 qui
1219 519 1561 567 iudicaberunt
1582 536 1673 566 nos
1699 557 1709 567 .
1739 530 1790 567 ut
1829 519 2276 582 superz'ndueerent

466 607 514 654 in
540 622 631 653 nos
657 603 840 652 malum
867 606 1130 668 magnum·A
1155 601 1352 666 qualem
1380 619 1649 666 numquam
1687 601 1776 650 fuit
1812 602 1904 650 sub
1938 594 2073 651 omni
2103 602 2273 658 caelo„

534 689 820 737 Secundum
846 687 981 751 quod
1008 686 1190 735 factum
1228 698 1304 734 est
1341 685 1389 733 in
1428 686 1722 736 iherusalem
1761 687 1886 735 sicut
1924 687 2160 751 scriptum
2198 699 2275 736 est

424 795 441 829 5
467 775 515 822 in
552 773 664 838 lege
702 772 895 836 moysi.,

536 858 755 906 Omnem
781 854 964 903 malum
990 854 1084 902 hoc
1110 855 1246 903 uenit
1272 871 1421 919 super
1441 868 1559 903 nos<
1592 866 1642 903 et
1667 871 1765 902 non
1793 854 2080 920 rogabimus
2097 854 2269 903 faciem

467 954 601 990 tuam
642 940 844 988 domine
886 939 1009 987 deus
1052 951 1222 987 noster
1263 951 1316 987 ut
1359 952 1747 987 reuerteremura
1779 935 1796 1004 ΙΙ
1832 939 1895 986 ab
1934 938 2275 1002 iniquitatibus

470 1025 679 1074 nostrisa
713 1035 762 1071 et
797 1022 1132 1087 cogitaremur
1157 1024 1448 1079 ueritatem„

540 1115 609 1163 Et
635 1112 857 1178 uigilauit
883 1112 1143 1160 dominus<
1176 1126 1225 1161 et
1250 1112 1458 1161 adduxit
1493 1129 1602 1160 eam
1637 1128 1785 1175 super
1822 1128 1943 1167 nos.,
1988 1111 2154 1159 Iustus
2190 1111 2276 1166 do,-

408 1232 446 1255 10
470 1200 631 1247 minus
657 1199 779 1247 deus
805 1208 975 1245 noster
1000 1197 1048 1244 in
1074 1197 1307 1245 omnibus
1332 1196 1566 1260 operibus
1591 1196 1692 1243 suis
1718 1213 1814 1259 que
1841 1195 1982 1243 fecit<
2018 1212 2115 1243 non
2147 1196 2278 1243 enim

470 1283 777 1331 audiui'musc
813 1298 985 1329 uocem
1011 1280 1148 1337 eius,

540 1372 608 1420 Et
635 1388 764 1426 nunc
789 1370 990 1419 domine
1016 1370 1139 1419 deus
1166 1382 1362 1419 noster<
1395 1371 1479 1434 qui
1505 1370 1720 1419 eduxisti
1764 1368 2000 1434 populum
2040 1381 2178 1422 tuum
2215 1371 2279 1419 de

471 1471 601 1507 terra
626 1456 798 1523 egypti
825 1456 873 1504 in
899 1472 1048 1504 manu
1075 1455 1216 1504 fortis.
1249 1468 1299 1504 et
1336 1455 1493 1503 fecisti
1521 1455 1607 1504 tibi
1636 1471 1817 1503 nomen
1848 1454 2120 1502 secundum
2146 1454 2279 1503 diem

471 1543 628 1598 hanc„
677 1540 1030 1589 Peccabirnust
1085 1539 1396 1603 iniquitatem
1445 1539 1651 1588 fecimus
1698 1525 1927 1587 domine(
1983 1538 2031 1587 in
2079 1556 2280 1588 omnem

410 1649 447 1683 15
473 1626 709 1675 iustitiam
736 1637 873 1673 tuam
1596 1689 1598 1691 ‚

541 1716 814 1764 Auertatur
838 1715 1047 1763 obsecro
1073 1715 1144 1763 ira
1170 1725 1253 1762 tua
1278 1725 1328 1762 et
1360 1713 1495 1761 furor
1524 1725 1667 1762 tuuss.
1705 1731 1734 1761 a
1756 1713 1954 1762 ciuitate
1986 1713 2282 1762 iherusalem

473 1806 518 1848 et
540 1818 570 1848 a
595 1805 753 1848 monte
777 1810 945 1847 sancto
970 1810 1050 1851 tuo
2185 1794 2191 1797 “

546 1891 755 1953 Propter
779 1901 982 1952 peccata
1007 1888 1139 1937 enim
1167 1899 1336 1936 nostra
1360 1898 1409 1935 et
1443 1886 1727 1951 iniquitates
1765 1898 1959 1951 patrum
2000 1899 2280 1936 nostrorum

476 1973 773 2022 iherusalem
810 1985 859 2021 et
891 1971 1108 2041 populus
1146 1984 1259 2020 tuus
1297 1971 1345 2019 in
1382 1971 1704 2035 obprobrium
1741 1984 1884 2021 sunta
1930 1972 2160 2021 omnibus
2197 1989 2284 2036 per

412 2088 453 2110 20
476 2058 732 2106 circuitum
761 2069 983 2104 nostrum

550 2143 699 2190 Nunc
725 2153 890 2189 autem
917 2140 1096 2189 exaudi
1122 2140 1245 2188 deus
1272 2151 1441 2188 noster
1465 2140 1742 2187 orationem
1779 2139 1910 2188 serbi
1936 2139 2005 2188 tui
2041 2151 2091 2188 et
2115 2157 2288 2203 preces

479 2228 613 2276 eius<
657 2239 706 2275 et
743 2225 952 2274 ostende
987 2223 992 2290 Ι
1032 2223 1162 2288 1601
1195 2225 1366 2273 faciem
1407 2236 1542 2272 tuam
1584 2241 1733 2288 super
1774 2224 2106 2273 sanctuarium
2151 2236 2288 2272 tuum

480 2311 615 2374 quod
641 2311 895 2358 desertum
922 2320 1028 2359 est..

551 2396 761 2458 Propter
787 2405 940 2442 temet
966 2393 1127 2456 ipsum
1155 2392 1334 2441 inclina
1358 2393 1482 2442 deus
1500 2410 1639 2441 meus
1658 2409 1827 2441 aurem
1848 2404 1982 2441 tuam
2009 2404 2058 2441 et
2074 2393 2283 2442 exaudix·

416 2510 456 2545 25
481 2479 617 2543 aperi
660 2477 830 2526 oculos
870 2489 982 2525 tuos
1025 2488 1073 2524 et
1100 2477 1213 2524 uide
1255 2477 1616 2526 desolationem
1660 2488 1909 2525 nostrams.
1953 2488 2002 2525 et
2038 2476 2289 2525 ciuitatem

481 2582 631 2628 super
655 2581 803 2628 quam
830 2563 1113 2610 inuocatum
1140 2573 1216 2609 est
1242 2578 1424 2610 nomen
1450 2574 1619 2618 tuum.,

554 2651 737 2713 Neque
762 2648 894 2696 enim
937 2647 985 2694 in
1029 2646 1457 2697 iustificationibus
1497 2645 1678 2694 nostris
1720 2645 2078 2709 prosternimus
2118 2662 2293 2709 preces

483 2748 599 2784 ante
624 2735 799 2783 faciem
826 2747 991 2782 tuam!-
1024 2732 1113 2780 sed
1139 2732 1186 2779 in
1214 2730 1613 2780 miserationibus
1639 2730 1734 2778 tuis
1761 2728 1956 2785 multis,

554 2819 752 2867 Exaudi
794 2817 1023 2865 dominex·
1070 2814 1264 2878 placare
1303 2814 1532 2863 domine'x·
1576 2813 1778 2862 intende
1820 2812 1895 2860 fac
1940 2830 2002 2861 ne
2045 2813 2281 2862 moreris<

419 2937 461 2969 30
484 2914 687 2967 propter
712 2911 866 2949 temet
893 2900 1053 2963 ipsum
1080 2899 1203 2947 deus
1230 2915 1400 2954 meus„

494 3013 498 3016 ¹
554 2991 686 3053 Quia
725 3006 906 3037 nomen
947 3001 1083 3036 tuum
1128 2976 1411 3036 inuocatum
1454 2998 1530 3035 est
1554 3003 1703 3049 super
1740 2985 1992 3034 cibitatem
2033 2986 2186 3033 hanc<
2238 2999 2287 3035 et

486 3092 635 3141 super
660 3073 897 3137 populum
926 3084 1095 3127 tuum.,

583 3223 597 3242 2
610 3207 860 3246 superinducerem
873 3203 901 3233 in
913 3205 982 3230 add.
996 3207 1059 3236 sup.
1074 3204 1126 3229 lin.
1199 3204 1274 3239 16-17
1287 3202 1456 3231 iherusaiem,
1469 3208 1496 3232 et
1509 3211 1526 3232 a.
1538 3207 1633 3231 monte
1645 3209 1661 3228 2
1674 3211 1767 3232 manu
1780 3203 1811 3230 in
1824 3211 1917 3242 marg.
1989 3210 2088 3234 sancta
2103 3209 2153 3235 tua
2169 3213 2244 3232 corr.
