<?xml version="1.0" encoding="UTF-8"?>
<!DOCTYPE html PUBLIC "-//W3C//DTD XHTML 1.0 Transitional//EN"
    "http://www.w3.org/TR/xhtml1/DTD/xhtml1-transitional.dtd">
<html xmlns="http://www.w3.org/1999/xhtml" xml:lang="en" lang="en">
 <head>
  <title>
</title>
<meta http-equiv="Content-Type" content="text/html;charset=utf-8" />
  <meta name='ocr-system' content='tesseract 3.04.00' />
  <meta name='ocr-capabilities' content='ocr_page ocr_carea ocr_par ocr_line ocrx_word'/>
</head>
<body>
  <div class='ocr_page' id='page_1' title='image "./libercomicussive00moriuoft/libercomicussive00moriuoft_0441.png"; bbox 0 0 2554 3658; ppageno 0'>
   <div class='ocr_carea' id='block_1_1' title="bbox 0 1312 55 3658">
    <p class='ocr_par' dir='ltr' id='par_1_1' title="bbox 0 1312 55 3658">
     <span class='ocr_line' id='line_1_1' title="bbox 0 1312 55 3658; baseline 0 0"><span class='ocrx_word' id='word_1_1' title='bbox 0 1312 55 3658; x_wconf 95' lang='lat' dir='ltr'> </span> 
     </span>
    </p>
   </div>
   <div class='ocr_carea' id='block_1_2' title="bbox 870 362 2089 407">
    <p class='ocr_par' dir='ltr' id='par_1_2' title="bbox 870 362 2089 407">
     <span class='ocr_line' id='line_1_2' title="bbox 870 362 2089 407; baseline -0.007 -4"><span class='ocrx_word' id='word_1_2' title='bbox 870 370 1123 403; x_wconf 85' lang='lat' dir='ltr'>HOMILIAE</span> <span class='ocrx_word' id='word_1_3' title='bbox 1159 369 1474 402; x_wconf 89' lang='lat' dir='ltr'>TOLETANAE.</span> <span class='ocrx_word' id='word_1_4' title='bbox 1779 368 1781 370; x_wconf 79' lang='grc'><strong>’</strong></span> <span class='ocrx_word' id='word_1_5' title='bbox 1993 362 2089 407; x_wconf 81' lang='grc'>409</span> 
     </span>
    </p>
   </div>
   <div class='ocr_carea' id='block_1_3' title="bbox 266 466 2088 668">
    <p class='ocr_par' dir='ltr' id='par_1_3' title="bbox 266 466 2088 668">
     <span class='ocr_line' id='line_1_3' title="bbox 320 466 2088 542; baseline -0.003 -18"><span class='ocrx_word' id='word_1_6' title='bbox 320 484 350 525; x_wconf 76' lang='lat' dir='ltr'>f.</span> <span class='ocrx_word' id='word_1_7' title='bbox 376 486 430 526; x_wconf 89' lang='lat'>28</span> <span class='ocrx_word' id='word_1_8' title='bbox 466 485 641 523; x_wconf 87' lang='lat' dir='ltr'>Sermo</span> <span class='ocrx_word' id='word_1_9' title='bbox 674 485 726 522; x_wconf 92' lang='lat' dir='ltr'>in</span> <span class='ocrx_word' id='word_1_10' title='bbox 761 484 895 523; x_wconf 89' lang='lat' dir='ltr'>diem</span> <span class='ocrx_word' id='word_1_11' title='bbox 926 466 1254 532; x_wconf 81' lang='lat' dir='ltr'>apparitionis</span> <span class='ocrx_word' id='word_1_12' title='bbox 1282 482 1487 521; x_wconf 83' lang='lat' dir='ltr'>domini.</span> <span class='ocrx_word' id='word_1_13' title='bbox 1527 481 1791 535; x_wconf 57' lang='lat' dir='ltr'>Karissimi„</span> <span class='ocrx_word' id='word_1_14' title='bbox 1811 479 2088 542; x_wconf 65' lang='lat' dir='ltr'><strong>sollemnitas</strong></span> 
     </span>
     <span class='ocr_line' id='line_1_4' title="bbox 266 548 2085 608; baseline -0.003 -13"><span class='ocrx_word' id='word_1_15' title='bbox 266 567 401 608; x_wconf 86' lang='lat' dir='ltr'>quam</span> <span class='ocrx_word' id='word_1_16' title='bbox 438 554 541 595; x_wconf 89' lang='lat' dir='ltr'>odie</span> <span class='ocrx_word' id='word_1_17' title='bbox 575 553 879 596; x_wconf 87' lang='lat' dir='ltr'>caelebramus</span> <span class='ocrx_word' id='word_1_18' title='bbox 906 585 1011 596; x_wconf 93' lang='grc'><strong>......</strong></span> <span class='ocrx_word' id='word_1_19' title='bbox 1049 559 1094 595; x_wconf 90' lang='lat' dir='ltr'>et</span> <span class='ocrx_word' id='word_1_20' title='bbox 1126 553 1343 608; x_wconf 86' lang='lat' dir='ltr'>gloriatur</span> <span class='ocrx_word' id='word_1_21' title='bbox 1378 565 1490 593; x_wconf 89' lang='lat' dir='ltr'>unus</span> <span class='ocrx_word' id='word_1_22' title='bbox 1513 551 1623 592; x_wconf 90' lang='lat' dir='ltr'>deus</span> <span class='ocrx_word' id='word_1_23' title='bbox 1661 550 1704 591; x_wconf 90' lang='lat' dir='ltr'>in</span> <span class='ocrx_word' id='word_1_24' title='bbox 1739 548 1914 591; x_wconf 86' lang='lat' dir='ltr'>saecula</span> <span class='ocrx_word' id='word_1_25' title='bbox 1936 561 2085 590; x_wconf 89' lang='lat' dir='ltr'>saecu-</span> 
     </span>
     <span class='ocr_line' id='line_1_5' title="bbox 266 620 1978 668; baseline 0.006 -4"><span class='ocrx_word' id='word_1_26' title='bbox 266 623 420 665; x_wconf 88' lang='lat' dir='ltr'>lorum.</span> <span class='ocrx_word' id='word_1_27' title='bbox 444 624 609 668; x_wconf 91' lang='lat' dir='ltr'>Amen.</span> <span class='ocrx_word' id='word_1_28' title='bbox 1802 632 1805 638; x_wconf 72' lang='grc'>’</span> <span class='ocrx_word' id='word_1_29' title='bbox 1975 620 1978 622; x_wconf 40' lang='grc'><strong>’</strong></span> 
     </span>
    </p>
   </div>
   <div class='ocr_carea' id='block_1_4' title="bbox 259 743 2086 1342">
    <p class='ocr_par' dir='ltr' id='par_1_4' title="bbox 259 743 2086 1342">
     <span class='ocr_line' id='line_1_6' title="bbox 319 743 2085 798; baseline -0.003 -12"><span class='ocrx_word' id='word_1_30' title='bbox 319 749 414 787; x_wconf 88' lang='lat' dir='ltr'>Post</span> <span class='ocrx_word' id='word_1_31' title='bbox 434 747 555 788; x_wconf 91' lang='lat' dir='ltr'>breve</span> <span class='ocrx_word' id='word_1_32' title='bbox 575 747 782 788; x_wconf 86' lang='lat' dir='ltr'>exordium</span> <span class='ocrx_word' id='word_1_33' title='bbox 805 761 852 788; x_wconf 94' lang='lat' dir='ltr'>ex</span> <span class='ocrx_word' id='word_1_34' title='bbox 872 760 1057 788; x_wconf 83' lang='lat' dir='ltr'>sermone</span> <span class='ocrx_word' id='word_1_35' title='bbox 1079 759 1156 798; x_wconf 85' lang='lat'>373</span> <span class='ocrx_word' id='word_1_36' title='bbox 1179 746 1391 798; x_wconf 87' lang='lat' dir='ltr'><strong>Augustini</strong></span> <span class='ocrx_word' id='word_1_37' title='bbox 1413 748 1684 796; x_wconf 89' lang='lat' dir='ltr'>desumptum,</span> <span class='ocrx_word' id='word_1_38' title='bbox 1706 743 1904 795; x_wconf 87' lang='lat' dir='ltr'>paschalis</span> <span class='ocrx_word' id='word_1_39' title='bbox 1930 744 2085 783; x_wconf 89' lang='lat' dir='ltr'>sollem-</span> 
     </span>
     <span class='ocr_line' id='line_1_7' title="bbox 265 798 2085 853; baseline -0.002 -13"><span class='ocrx_word' id='word_1_40' title='bbox 265 801 367 841; x_wconf 86' lang='lat' dir='ltr'>nitas</span> <span class='ocrx_word' id='word_1_41' title='bbox 388 802 448 841; x_wconf 91' lang='lat' dir='ltr'>his</span> <span class='ocrx_word' id='word_1_42' title='bbox 469 802 598 843; x_wconf 90' lang='lat' dir='ltr'>verbis</span> <span class='ocrx_word' id='word_1_43' title='bbox 619 802 885 842; x_wconf 86' lang='lat' dir='ltr'>denunciatur</span> <span class='ocrx_word' id='word_1_44' title='bbox 904 819 911 842; x_wconf 90' lang='lat'>:</span> <span class='ocrx_word' id='word_1_45' title='bbox 935 813 956 844; x_wconf 71' lang='lat' dir='ltr'>(t</span> <span class='ocrx_word' id='word_1_46' title='bbox 979 804 1030 842; x_wconf 92' lang='lat' dir='ltr'>Et</span> <span class='ocrx_word' id='word_1_47' title='bbox 1050 802 1144 853; x_wconf 88' lang='lat' dir='ltr'>quia</span> <span class='ocrx_word' id='word_1_48' title='bbox 1164 801 1460 842; x_wconf 88' lang='lat' dir='ltr'>aecclesiastica</span> <span class='ocrx_word' id='word_1_49' title='bbox 1481 801 1734 843; x_wconf 72' lang='lat' dir='ltr'>consuetudo</span> <span class='ocrx_word' id='word_1_50' title='bbox 1754 798 1960 849; x_wconf 87' lang='lat' dir='ltr'>compellit</span> <span class='ocrx_word' id='word_1_51' title='bbox 1991 798 2085 838; x_wconf 92' lang='lat' dir='ltr'>odie</span> 
     </span>
     <span class='ocr_line' id='line_1_8' title="bbox 265 852 2086 908; baseline -0.003 -12"><span class='ocrx_word' id='word_1_52' title='bbox 265 867 286 897; x_wconf 87' lang='lat'>&lt;(</span> <span class='ocrx_word' id='word_1_53' title='bbox 307 856 420 896; x_wconf 90' lang='lat' dir='ltr'>vobis</span> <span class='ocrx_word' id='word_1_54' title='bbox 441 857 609 908; x_wconf 84' lang='lat' dir='ltr'>pascalis</span> <span class='ocrx_word' id='word_1_55' title='bbox 631 858 720 896; x_wconf 87' lang='lat' dir='ltr'>festi</span> <span class='ocrx_word' id='word_1_56' title='bbox 740 857 886 908; x_wconf 90' lang='lat' dir='ltr'>gaudia</span> <span class='ocrx_word' id='word_1_57' title='bbox 907 858 1105 905; x_wconf 80' lang='lat' dir='ltr'>nuntiare,</span> <span class='ocrx_word' id='word_1_58' title='bbox 1127 856 1346 896; x_wconf 90' lang='lat' dir='ltr'>memoriae</span> <span class='ocrx_word' id='word_1_59' title='bbox 1375 863 1528 896; x_wconf 84' lang='lat' dir='ltr'>vestrae</span> <span class='ocrx_word' id='word_1_60' title='bbox 1561 854 1682 905; x_wconf 90' lang='lat' dir='ltr'>cupio</span> <span class='ocrx_word' id='word_1_61' title='bbox 1714 853 1905 894; x_wconf 87' lang='lat' dir='ltr'>tenaciter</span> <span class='ocrx_word' id='word_1_62' title='bbox 1931 852 2086 892; x_wconf 92' lang='lat' dir='ltr'>inerere</span> 
     </span>
     <span class='ocr_line' id='line_1_9' title="bbox 264 907 2083 965; baseline -0.003 -14"><span class='ocrx_word' id='word_1_63' title='bbox 264 919 285 951; x_wconf 75' lang='grc'>«</span> <span class='ocrx_word' id='word_1_64' title='bbox 307 923 353 950; x_wconf 84' lang='lat' dir='ltr'>ea</span> <span class='ocrx_word' id='word_1_65' title='bbox 373 924 452 961; x_wconf 91' lang='lat' dir='ltr'>que</span> <span class='ocrx_word' id='word_1_66' title='bbox 473 912 525 951; x_wconf 91' lang='lat' dir='ltr'>de</span> <span class='ocrx_word' id='word_1_67' title='bbox 546 911 631 962; x_wconf 85' lang='lat' dir='ltr'>ipsa</span> <span class='ocrx_word' id='word_1_68' title='bbox 651 912 765 950; x_wconf 92' lang='lat' dir='ltr'>vobis</span> <span class='ocrx_word' id='word_1_69' title='bbox 782 912 922 951; x_wconf 85' lang='lat' dir='ltr'>fuerim</span> <span class='ocrx_word' id='word_1_70' title='bbox 939 911 1142 950; x_wconf 89' lang='lat' dir='ltr'>intimatus</span> <span class='ocrx_word' id='word_1_71' title='bbox 1156 911 1435 950; x_wconf 82' lang='lat' dir='ltr'>sollemnitate.</span> <span class='ocrx_word' id='word_1_72' title='bbox 1457 909 1670 960; x_wconf 89' lang='lat' dir='ltr'>Eritigitur</span> <span class='ocrx_word' id='word_1_73' title='bbox 1684 922 1754 959; x_wconf 92' lang='lat' dir='ltr'>per</span> <span class='ocrx_word' id='word_1_74' title='bbox 1769 907 2083 965; x_wconf 83' lang='lat' dir='ltr'>misericordiam</span> 
     </span>
     <span class='ocr_line' id='line_1_10' title="bbox 265 963 2084 1015; baseline -0.003 -9"><span class='ocrx_word' id='word_1_75' title='bbox 265 975 284 1006; x_wconf 65' lang='grc' dir='ltr'>(ί</span> <span class='ocrx_word' id='word_1_76' title='bbox 306 965 372 1004; x_wconf 89' lang='lat' dir='ltr'>dei</span> <span class='ocrx_word' id='word_1_77' title='bbox 392 978 500 1005; x_wconf 91' lang='lat' dir='ltr'>anno</span> <span class='ocrx_word' id='word_1_78' title='bbox 520 966 695 1015; x_wconf 86' lang='lat' dir='ltr'>presenti</span> <span class='ocrx_word' id='word_1_79' title='bbox 730 967 803 1005; x_wconf 91' lang='lat' dir='ltr'>sub</span> <span class='ocrx_word' id='word_1_80' title='bbox 838 979 904 1006; x_wconf 90' lang='lat' dir='ltr'>era</span> <span class='ocrx_word' id='word_1_81' title='bbox 924 965 1000 1005; x_wconf 89' lang='lat' dir='ltr'>illa.</span> <span class='ocrx_word' id='word_1_82' title='bbox 1035 965 1200 1004; x_wconf 90' lang='lat' dir='ltr'>Initium</span> <span class='ocrx_word' id='word_1_83' title='bbox 1234 966 1351 1005; x_wconf 89' lang='lat' dir='ltr'>beate</span> <span class='ocrx_word' id='word_1_84' title='bbox 1386 964 1714 1015; x_wconf 87' lang='lat' dir='ltr'>quadragesimae</span> <span class='ocrx_word' id='word_1_85' title='bbox 1748 963 1814 1002; x_wconf 92' lang='lat' dir='ltr'>die</span> <span class='ocrx_word' id='word_1_86' title='bbox 1837 993 1844 1001; x_wconf 92' lang='lat'><strong>.</strong></span> <span class='ocrx_word' id='word_1_87' title='bbox 1867 963 1946 1001; x_wconf 92' lang='lat' dir='ltr'>illo.</span> <span class='ocrx_word' id='word_1_88' title='bbox 1971 964 2084 1002; x_wconf 87' lang='lat' dir='ltr'>Cena</span> 
     </span>
     <span class='ocr_line' id='line_1_11' title="bbox 263 1017 2083 1071; baseline -0.003 -11"><span class='ocrx_word' id='word_1_89' title='bbox 263 1030 284 1060; x_wconf 88' lang='grc'>&lt;(</span> <span class='ocrx_word' id='word_1_90' title='bbox 306 1032 398 1059; x_wconf 89' lang='lat' dir='ltr'>vero</span> <span class='ocrx_word' id='word_1_91' title='bbox 419 1020 575 1058; x_wconf 89' lang='lat' dir='ltr'>domini</span> <span class='ocrx_word' id='word_1_92' title='bbox 611 1020 734 1059; x_wconf 85' lang='lat' dir='ltr'>nostri</span> <span class='ocrx_word' id='word_1_93' title='bbox 770 1020 882 1060; x_wconf 89' lang='lat' dir='ltr'>ihesu</span> <span class='ocrx_word' id='word_1_94' title='bbox 904 1021 968 1071; x_wconf 91' lang='lat' dir='ltr'>xpi</span> <span class='ocrx_word' id='word_1_95' title='bbox 991 1051 998 1059; x_wconf 94' lang='lat'>.</span> <span class='ocrx_word' id='word_1_96' title='bbox 1021 1020 1110 1060; x_wconf 89' lang='lat' dir='ltr'>diae</span> <span class='ocrx_word' id='word_1_97' title='bbox 1132 1052 1139 1059; x_wconf 90' lang='lat'><strong>.</strong></span> <span class='ocrx_word' id='word_1_98' title='bbox 1163 1021 1241 1067; x_wconf 72' lang='lat' dir='ltr'>illo,</span> <span class='ocrx_word' id='word_1_99' title='bbox 1282 1020 1418 1059; x_wconf 87' lang='lat' dir='ltr'>Passio</span> <span class='ocrx_word' id='word_1_100' title='bbox 1454 1032 1617 1070; x_wconf 89' lang='lat' dir='ltr'>quoque</span> <span class='ocrx_word' id='word_1_101' title='bbox 1638 1018 1762 1068; x_wconf 90' lang='lat' dir='ltr'>ipsius</span> <span class='ocrx_word' id='word_1_102' title='bbox 1783 1017 1937 1057; x_wconf 91' lang='lat' dir='ltr'>domini</span> <span class='ocrx_word' id='word_1_103' title='bbox 1959 1017 2083 1056; x_wconf 90' lang='lat' dir='ltr'>nostri</span> 
     </span>
     <span class='ocr_line' id='line_1_12' title="bbox 263 1071 2083 1125; baseline -0.003 -10"><span class='ocrx_word' id='word_1_104' title='bbox 263 1074 418 1120; x_wconf 75' lang='lat' dir='ltr'>«ihesu</span> <span class='ocrx_word' id='word_1_105' title='bbox 440 1074 507 1125; x_wconf 88' lang='lat' dir='ltr'>xpi</span> <span class='ocrx_word' id='word_1_106' title='bbox 536 1074 655 1114; x_wconf 89' lang='lat' dir='ltr'>diae.</span> <span class='ocrx_word' id='word_1_107' title='bbox 681 1075 760 1114; x_wconf 89' lang='lat' dir='ltr'>illo.</span> <span class='ocrx_word' id='word_1_108' title='bbox 790 1075 1046 1114; x_wconf 87' lang='lat' dir='ltr'>Resurrectio</span> <span class='ocrx_word' id='word_1_109' title='bbox 1074 1088 1167 1114; x_wconf 88' lang='lat' dir='ltr'>vero</span> <span class='ocrx_word' id='word_1_110' title='bbox 1197 1076 1378 1125; x_wconf 82' lang='lat' dir='ltr'>eJ‘usdem</span> <span class='ocrx_word' id='word_1_111' title='bbox 1409 1074 1564 1113; x_wconf 89' lang='lat' dir='ltr'>domini</span> <span class='ocrx_word' id='word_1_112' title='bbox 1594 1073 1718 1112; x_wconf 85' lang='lat' dir='ltr'>nostri</span> <span class='ocrx_word' id='word_1_113' title='bbox 1753 1073 1864 1111; x_wconf 90' lang='lat' dir='ltr'>ihesu</span> <span class='ocrx_word' id='word_1_114' title='bbox 1898 1071 1963 1122; x_wconf 90' lang='lat' dir='ltr'>xpi</span> <span class='ocrx_word' id='word_1_115' title='bbox 1994 1071 2083 1110; x_wconf 92' lang='lat' dir='ltr'>diae</span> 
     </span>
     <span class='ocr_line' id='line_1_13' title="bbox 262 1127 2083 1181; baseline -0.003 -12"><span class='ocrx_word' id='word_1_116' title='bbox 262 1137 284 1169; x_wconf 88' lang='grc'>((</span> <span class='ocrx_word' id='word_1_117' title='bbox 305 1127 384 1167; x_wconf 93' lang='lat' dir='ltr'>illo.</span> <span class='ocrx_word' id='word_1_118' title='bbox 423 1129 547 1168; x_wconf 90' lang='lat' dir='ltr'>Unde</span> <span class='ocrx_word' id='word_1_119' title='bbox 567 1136 675 1168; x_wconf 89' lang='lat' dir='ltr'>ortor</span> <span class='ocrx_word' id='word_1_120' title='bbox 696 1136 738 1168; x_wconf 92' lang='lat' dir='ltr'>ut</span> <span class='ocrx_word' id='word_1_121' title='bbox 761 1131 815 1168; x_wconf 89' lang='lat' dir='ltr'>ita</span> <span class='ocrx_word' id='word_1_122' title='bbox 845 1131 963 1180; x_wconf 90' lang='lat' dir='ltr'>juste,</span> <span class='ocrx_word' id='word_1_123' title='bbox 998 1136 1117 1178; x_wconf 89' lang='lat' dir='ltr'>caste,</span> <span class='ocrx_word' id='word_1_124' title='bbox 1149 1129 1305 1168; x_wconf 92' lang='lat' dir='ltr'>sobriae</span> <span class='ocrx_word' id='word_1_125' title='bbox 1326 1137 1364 1168; x_wconf 92' lang='lat' dir='ltr'>et</span> <span class='ocrx_word' id='word_1_126' title='bbox 1385 1129 1475 1180; x_wconf 88' lang='lat' dir='ltr'>piae</span> <span class='ocrx_word' id='word_1_127' title='bbox 1508 1128 1655 1181; x_wconf 73' lang='lat' dir='ltr'>vibe&#39;re‘</span> <span class='ocrx_word' id='word_1_128' title='bbox 1673 1128 1905 1166; x_wconf 89' lang='lat' dir='ltr'>studeamus</span> <span class='ocrx_word' id='word_1_129' title='bbox 1927 1156 1934 1164; x_wconf 97' lang='lat'>.</span> <span class='ocrx_word' id='word_1_130' title='bbox 1961 1134 2003 1165; x_wconf 90' lang='lat' dir='ltr'>ut</span> <span class='ocrx_word' id='word_1_131' title='bbox 2031 1127 2083 1165; x_wconf 88' lang='lat' dir='ltr'>ad</span> 
     </span>
     <span class='ocr_line' id='line_1_14' title="bbox 262 1180 2080 1234; baseline -0.003 -10"><span class='ocrx_word' id='word_1_132' title='bbox 262 1192 283 1224; x_wconf 87' lang='lat'>«</span> <span class='ocrx_word' id='word_1_133' title='bbox 305 1184 476 1222; x_wconf 88' lang='lat' dir='ltr'>eandem</span> <span class='ocrx_word' id='word_1_134' title='bbox 493 1191 671 1222; x_wconf 84' lang='lat' dir='ltr'>sanctam</span> <span class='ocrx_word' id='word_1_135' title='bbox 691 1183 958 1223; x_wconf 85' lang='lat' dir='ltr'>sollenitatem</span> <span class='ocrx_word' id='word_1_136' title='bbox 974 1183 1127 1234; x_wconf 88' lang='lat' dir='ltr'>absque</span> <span class='ocrx_word' id='word_1_137' title='bbox 1143 1185 1224 1223; x_wconf 92' lang='lat' dir='ltr'>ullo</span> <span class='ocrx_word' id='word_1_138' title='bbox 1239 1182 1406 1222; x_wconf 89' lang='lat' dir='ltr'>crimine</span> <span class='ocrx_word' id='word_1_139' title='bbox 1421 1191 1460 1223; x_wconf 91' lang='lat' dir='ltr'>et</span> <span class='ocrx_word' id='word_1_140' title='bbox 1477 1197 1567 1221; x_wconf 90' lang='lat' dir='ltr'>cum</span> <span class='ocrx_word' id='word_1_141' title='bbox 1585 1180 1860 1221; x_wconf 89' lang='lat' dir='ltr'>habundantia</span> <span class='ocrx_word' id='word_1_142' title='bbox 1882 1181 2080 1220; x_wconf 88' lang='lat' dir='ltr'>bonorum</span> 
     </span>
     <span class='ocr_line' id='line_1_15' title="bbox 262 1235 2079 1288; baseline -0.002 -11"><span class='ocrx_word' id='word_1_143' title='bbox 262 1246 283 1278; x_wconf 89' lang='grc'>((</span> <span class='ocrx_word' id='word_1_144' title='bbox 305 1250 471 1288; x_wconf 90' lang='lat' dir='ltr'>operum</span> <span class='ocrx_word' id='word_1_145' title='bbox 495 1237 718 1288; x_wconf 89' lang='lat' dir='ltr'>pertingere</span> <span class='ocrx_word' id='word_1_146' title='bbox 752 1251 985 1278; x_wconf 89' lang='lat' dir='ltr'>mereamur.</span> <span class='ocrx_word' id='word_1_147' title='bbox 1021 1240 1162 1278; x_wconf 86' lang='lat' dir='ltr'>Amen.</span> <span class='ocrx_word' id='word_1_148' title='bbox 1187 1248 1209 1279; x_wconf 84' lang='lat'>»</span> <span class='ocrx_word' id='word_1_149' title='bbox 1242 1239 1378 1277; x_wconf 87' lang='lat' dir='ltr'>Altera</span> <span class='ocrx_word' id='word_1_150' title='bbox 1399 1236 1631 1276; x_wconf 87' lang='lat' dir='ltr'>huiusmodi</span> <span class='ocrx_word' id='word_1_151' title='bbox 1660 1235 1985 1275; x_wconf 83' lang='lat' dir='ltr'>denunciationis</span> <span class='ocrx_word' id='word_1_152' title='bbox 2007 1237 2079 1274; x_wconf 90' lang='lat' dir='ltr'>for-</span> 
     </span>
     <span class='ocr_line' id='line_1_16' title="bbox 259 1291 1074 1342; baseline 0.001 -12"><span class='ocrx_word' id='word_1_153' title='bbox 259 1293 367 1331; x_wconf 88' lang='lat' dir='ltr'>mula</span> <span class='ocrx_word' id='word_1_154' title='bbox 387 1291 530 1342; x_wconf 87' lang='lat' dir='ltr'>legitur</span> <span class='ocrx_word' id='word_1_155' title='bbox 551 1291 590 1330; x_wconf 88' lang='lat' dir='ltr'>in</span> <span class='ocrx_word' id='word_1_156' title='bbox 612 1292 754 1332; x_wconf 92' lang='lat' dir='ltr'>codice</span> <span class='ocrx_word' id='word_1_157' title='bbox 776 1300 913 1332; x_wconf 92' lang='lat' dir='ltr'>nostro</span> <span class='ocrx_word' id='word_1_158' title='bbox 935 1294 963 1335; x_wconf 85' lang='lat' dir='ltr'>s.</span> <span class='ocrx_word' id='word_1_159' title='bbox 986 1294 1074 1332; x_wconf 87' lang='lat'>280.</span> 
     </span>
    </p>
   </div>
   <div class='ocr_carea' id='block_1_5' title="bbox 261 1404 2108 1534">
    <p class='ocr_par' dir='ltr' id='par_1_5' title="bbox 261 1404 2108 1534">
     <span class='ocr_line' id='line_1_17' title="bbox 318 1404 2108 1471; baseline -0.003 -21"><span class='ocrx_word' id='word_1_160' title='bbox 318 1408 360 1471; x_wconf 43' lang='lat' dir='ltr'>s.x</span> <span class='ocrx_word' id='word_1_161' title='bbox 379 1421 434 1461; x_wconf 91' lang='lat'>29</span> <span class='ocrx_word' id='word_1_162' title='bbox 470 1410 645 1449; x_wconf 86' lang='lat' dir='ltr'>Sermo</span> <span class='ocrx_word' id='word_1_163' title='bbox 667 1410 719 1447; x_wconf 90' lang='lat' dir='ltr'>in</span> <span class='ocrx_word' id='word_1_164' title='bbox 740 1409 875 1447; x_wconf 88' lang='lat' dir='ltr'>diem</span> <span class='ocrx_word' id='word_1_165' title='bbox 897 1409 1054 1447; x_wconf 86' lang='lat' dir='ltr'>sancti</span> <span class='ocrx_word' id='word_1_166' title='bbox 1079 1409 1324 1448; x_wconf 87' lang='lat' dir='ltr'>Uincenti.</span> <span class='ocrx_word' id='word_1_167' title='bbox 1363 1409 1583 1462; x_wconf 87' lang='lat' dir='ltr'>Magnum</span> <span class='ocrx_word' id='word_1_168' title='bbox 1622 1404 1967 1460; x_wconf 83' lang='lat' dir='ltr'>expectaculum</span> <span class='ocrx_word' id='word_1_169' title='bbox 2006 1419 2084 1446; x_wconf 88' lang='lat' dir='ltr'>ex·</span> <span class='ocrx_word' id='word_1_170' title='bbox 2106 1414 2108 1416; x_wconf 71' lang='grc'><strong><em>’</em></strong></span> 
     </span>
     <span class='ocr_line' id='line_1_18' title="bbox 261 1478 1793 1534; baseline -0.003 -12"><span class='ocrx_word' id='word_1_171' title='bbox 261 1480 540 1534; x_wconf 88' lang='lat' dir='ltr'>pectabimus</span> <span class='ocrx_word' id='word_1_172' title='bbox 567 1513 672 1522; x_wconf 85' lang='grc'><strong>......</strong></span> <span class='ocrx_word' id='word_1_173' title='bbox 700 1486 882 1521; x_wconf 85' lang='lat' dir='ltr'>coronet</span> <span class='ocrx_word' id='word_1_174' title='bbox 905 1493 985 1522; x_wconf 91' lang='lat' dir='ltr'>nos</span> <span class='ocrx_word' id='word_1_175' title='bbox 1009 1493 1095 1534; x_wconf 88' lang='lat' dir='ltr'>xps</span> <span class='ocrx_word' id='word_1_176' title='bbox 1116 1480 1326 1522; x_wconf 90' lang='lat' dir='ltr'>dominus</span> <span class='ocrx_word' id='word_1_177' title='bbox 1348 1492 1399 1520; x_wconf 90' lang='lat' dir='ltr'>ac</span> <span class='ocrx_word' id='word_1_178' title='bbox 1423 1478 1693 1532; x_wconf 86' lang='lat' dir='ltr'>redemptor,</span> <span class='ocrx_word' id='word_1_179' title='bbox 1711 1483 1793 1518; x_wconf 84' lang='lat' dir='ltr'>etc.</span> 
     </span>
    </p>
   </div>
   <div class='ocr_carea' id='block_1_6' title="bbox 318 1593 1611 1661">
    <p class='ocr_par' dir='ltr' id='par_1_6' title="bbox 318 1593 1611 1661">
     <span class='ocr_line' id='line_1_19' title="bbox 318 1593 1611 1661; baseline 0.001 -18"><span class='ocrx_word' id='word_1_180' title='bbox 318 1605 447 1644; x_wconf 92' lang='lat' dir='ltr'>Totus</span> <span class='ocrx_word' id='word_1_181' title='bbox 468 1604 685 1655; x_wconf 83' lang='lat' dir='ltr'>exscriptus</span> <span class='ocrx_word' id='word_1_182' title='bbox 706 1612 765 1644; x_wconf 90' lang='lat' dir='ltr'>est</span> <span class='ocrx_word' id='word_1_183' title='bbox 785 1618 833 1644; x_wconf 90' lang='lat' dir='ltr'>ex</span> <span class='ocrx_word' id='word_1_184' title='bbox 854 1603 1068 1656; x_wconf 88' lang='lat' dir='ltr'>Augustini</span> <span class='ocrx_word' id='word_1_185' title='bbox 1089 1593 1340 1661; x_wconf 85' lang='lat' dir='ltr'>sermonibus</span> <span class='ocrx_word' id='word_1_186' title='bbox 1364 1616 1409 1654; x_wconf 88' lang='lat'>27</span> <span class='ocrx_word' id='word_1_187' title='bbox 1418 1616 1438 1656; x_wconf 85' lang='lat'>5</span> <span class='ocrx_word' id='word_1_188' title='bbox 1462 1613 1500 1645; x_wconf 92' lang='lat' dir='ltr'>et</span> <span class='ocrx_word' id='word_1_189' title='bbox 1524 1608 1611 1655; x_wconf 89' lang='lat'><strong>276.</strong></span> 
     </span>
    </p>
   </div>
   <div class='ocr_carea' id='block_1_7' title="bbox 234 1720 2087 1911">
    <p class='ocr_par' dir='ltr' id='par_1_7' title="bbox 234 1720 2087 1911">
     <span class='ocr_line' id='line_1_20' title="bbox 326 1720 2086 1776; baseline 0.001 -17"><span class='ocrx_word' id='word_1_190' title='bbox 326 1720 351 1763; x_wconf 89' lang='lat' dir='ltr'>f.</span> <span class='ocrx_word' id='word_1_191' title='bbox 377 1727 449 1773; x_wconf 80' lang='lat' dir='ltr'>30v</span> <span class='ocrx_word' id='word_1_192' title='bbox 472 1720 646 1760; x_wconf 88' lang='lat' dir='ltr'>Sermo</span> <span class='ocrx_word' id='word_1_193' title='bbox 668 1722 720 1759; x_wconf 92' lang='lat' dir='ltr'>in</span> <span class='ocrx_word' id='word_1_194' title='bbox 742 1722 942 1760; x_wconf 85' lang='lat' dir='ltr'>catedra</span> <span class='ocrx_word' id='word_1_195' title='bbox 963 1722 1122 1760; x_wconf 81' lang='lat' dir='ltr'>sancti</span> <span class='ocrx_word' id='word_1_196' title='bbox 1145 1722 1292 1760; x_wconf 86' lang='lat' dir='ltr'>Petri.</span> <span class='ocrx_word' id='word_1_197' title='bbox 1317 1722 1548 1776; x_wconf 83' lang='lat' dir='ltr'>Natale(m</span> <span class='ocrx_word' id='word_1_198' title='bbox 1581 1720 1710 1775; x_wconf 80' lang='lat' dir='ltr'>eras.)</span> <span class='ocrx_word' id='word_1_199' title='bbox 1733 1722 1912 1763; x_wconf 88' lang='lat' dir='ltr'>catedre</span> <span class='ocrx_word' id='word_1_200' title='bbox 1944 1722 2086 1763; x_wconf 87' lang='lat' dir='ltr'>sancti</span> 
     </span>
     <span class='ocr_line' id='line_1_21' title="bbox 266 1780 2087 1848; baseline 0 -16"><span class='ocrx_word' id='word_1_201' title='bbox 266 1791 379 1844; x_wconf 88' lang='lat' dir='ltr'>petri</span> <span class='ocrx_word' id='word_1_202' title='bbox 416 1780 560 1848; x_wconf 74' lang='lat' dir='ltr'>primiv</span> <span class='ocrx_word' id='word_1_203' title='bbox 582 1791 774 1844; x_wconf 88' lang='lat' dir='ltr'>apostoli</span> <span class='ocrx_word' id='word_1_204' title='bbox 811 1798 878 1832; x_wconf 89' lang='lat' dir='ltr'>est</span> <span class='ocrx_word' id='word_1_205' title='bbox 906 1824 1011 1833; x_wconf 91' lang='grc'><strong>......</strong></span> <span class='ocrx_word' id='word_1_206' title='bbox 1037 1791 1092 1833; x_wconf 87' lang='lat' dir='ltr'>ad</span> <span class='ocrx_word' id='word_1_207' title='bbox 1117 1797 1347 1846; x_wconf 87' lang='lat' dir='ltr'>aeternum</span> <span class='ocrx_word' id='word_1_208' title='bbox 1382 1803 1568 1844; x_wconf 87' lang='lat' dir='ltr'>regnum</span> <span class='ocrx_word' id='word_1_209' title='bbox 1593 1790 1718 1832; x_wconf 88' lang='lat' dir='ltr'>inlesi</span> <span class='ocrx_word' id='word_1_210' title='bbox 1742 1792 2057 1846; x_wconf 87' lang='lat' dir='ltr'>perueniamus</span> <span class='ocrx_word' id='word_1_211' title='bbox 2080 1807 2087 1831; x_wconf 92' lang='lat'>:</span> 
     </span>
     <span class='ocr_line' id='line_1_22' title="bbox 234 1860 822 1911; baseline 0.002 -10"><span class='ocrx_word' id='word_1_212' title='bbox 234 1861 243 1863; x_wconf 47' lang='lat'><em>⁴</em></span> <span class='ocrx_word' id='word_1_213' title='bbox 267 1860 500 1902; x_wconf 85' lang='lat' dir='ltr'>Prestante</span> <span class='ocrx_word' id='word_1_214' title='bbox 521 1860 719 1911; x_wconf 90' lang='lat' dir='ltr'>domino,</span> <span class='ocrx_word' id='word_1_215' title='bbox 741 1866 822 1902; x_wconf 86' lang='lat' dir='ltr'>etc.</span> 
     </span>
    </p>
   </div>
   <div class='ocr_carea' id='block_1_8' title="bbox 262 1979 2102 3283">
    <p class='ocr_par' dir='ltr' id='par_1_8' title="bbox 262 1979 2102 3283">
     <span class='ocr_line' id='line_1_23' title="bbox 318 1979 2083 2030; baseline 0 -12"><span class='ocrx_word' id='word_1_216' title='bbox 318 1979 539 2020; x_wconf 90' lang='lat' dir='ltr'>Exordium</span> <span class='ocrx_word' id='word_1_217' title='bbox 572 1979 747 2030; x_wconf 84' lang='lat' dir='ltr'>vulgavit</span> <span class='ocrx_word' id='word_1_218' title='bbox 781 1979 937 2020; x_wconf 87' lang='lat' dir='ltr'>Caillau</span> <span class='ocrx_word' id='word_1_219' title='bbox 971 1980 1072 2019; x_wconf 88' lang='lat' dir='ltr'>inter</span> <span class='ocrx_word' id='word_1_220' title='bbox 1105 1979 1318 2030; x_wconf 88' lang='lat' dir='ltr'>Augustini</span> <span class='ocrx_word' id='word_1_221' title='bbox 1355 1992 1559 2019; x_wconf 90' lang='lat' dir='ltr'>sermones</span> <span class='ocrx_word' id='word_1_222' title='bbox 1598 1979 1771 2019; x_wconf 90' lang='lat' dir='ltr'>ineditos</span> <span class='ocrx_word' id='word_1_223' title='bbox 1811 1981 2007 2030; x_wconf 89' lang='lat' dir='ltr'>supplem.</span> <span class='ocrx_word' id='word_1_224' title='bbox 2045 1993 2083 2030; x_wconf 87' lang='lat'>3,</span> 
     </span>
     <span class='ocr_line' id='line_1_24' title="bbox 263 2033 2102 2084; baseline 0.002 -13"><span class='ocrx_word' id='word_1_225' title='bbox 263 2034 377 2075; x_wconf 82' lang='lat' dir='ltr'>class.</span> <span class='ocrx_word' id='word_1_226' title='bbox 400 2048 435 2084; x_wconf 88' lang='lat'>3,</span> <span class='ocrx_word' id='word_1_227' title='bbox 469 2047 584 2074; x_wconf 90' lang='lat' dir='ltr'>serm.</span> <span class='ocrx_word' id='word_1_228' title='bbox 608 2037 671 2084; x_wconf 74' lang='lat'>63,</span> <span class='ocrx_word' id='word_1_229' title='bbox 709 2036 858 2073; x_wconf 91' lang='lat' dir='ltr'>Verum</span> <span class='ocrx_word' id='word_1_230' title='bbox 892 2035 1020 2073; x_wconf 89' lang='lat' dir='ltr'>multo</span> <span class='ocrx_word' id='word_1_231' title='bbox 1051 2034 1240 2084; x_wconf 89' lang='lat' dir='ltr'>prolixior</span> <span class='ocrx_word' id='word_1_232' title='bbox 1269 2042 1327 2074; x_wconf 88' lang='lat' dir='ltr'>est</span> <span class='ocrx_word' id='word_1_233' title='bbox 1363 2047 1493 2074; x_wconf 88' lang='lat' dir='ltr'>sermo</span> <span class='ocrx_word' id='word_1_234' title='bbox 1526 2033 1566 2072; x_wconf 91' lang='lat' dir='ltr'>in</span> <span class='ocrx_word' id='word_1_235' title='bbox 1599 2042 1736 2074; x_wconf 89' lang='lat' dir='ltr'>nostro</span> <span class='ocrx_word' id='word_1_236' title='bbox 1769 2035 1923 2082; x_wconf 90' lang='lat' dir='ltr'>codice,</span> <span class='ocrx_word' id='word_1_237' title='bbox 1960 2042 2102 2084; x_wconf 89' lang='lat' dir='ltr'>atque-</span> 
     </span>
     <span class='ocr_line' id='line_1_25' title="bbox 265 2087 2083 2140; baseline 0.001 -13"><span class='ocrx_word' id='word_1_238' title='bbox 265 2087 432 2128; x_wconf 90' lang='lat' dir='ltr'>omnino</span> <span class='ocrx_word' id='word_1_239' title='bbox 466 2088 610 2139; x_wconf 87' lang='lat' dir='ltr'>dignus</span> <span class='ocrx_word' id='word_1_240' title='bbox 640 2088 710 2139; x_wconf 91' lang='lat' dir='ltr'>qui</span> <span class='ocrx_word' id='word_1_241' title='bbox 740 2090 892 2139; x_wconf 89' lang='lat' dir='ltr'>legatur</span> <span class='ocrx_word' id='word_1_242' title='bbox 922 2104 928 2127; x_wconf 93' lang='lat'>:</span> <span class='ocrx_word' id='word_1_243' title='bbox 964 2088 1194 2138; x_wconf 90' lang='lat' dir='ltr'>praesertim</span> <span class='ocrx_word' id='word_1_244' title='bbox 1227 2102 1320 2128; x_wconf 91' lang='lat' dir='ltr'>cum</span> <span class='ocrx_word' id='word_1_245' title='bbox 1353 2089 1575 2128; x_wconf 86' lang='lat' dir='ltr'>admodum</span> <span class='ocrx_word' id='word_1_246' title='bbox 1611 2089 1728 2140; x_wconf 90' lang='lat' dir='ltr'>pauci</span> <span class='ocrx_word' id='word_1_247' title='bbox 1763 2102 1811 2128; x_wconf 90' lang='lat' dir='ltr'>ex</span> <span class='ocrx_word' id='word_1_248' title='bbox 1844 2088 2083 2139; x_wconf 83' lang='lat' dir='ltr'>antiquitate</span> 
     </span>
     <span class='ocr_line' id='line_1_26' title="bbox 263 2142 2084 2194; baseline 0.001 -13"><span class='ocrx_word' id='word_1_249' title='bbox 263 2142 460 2193; x_wconf 87' lang='lat' dir='ltr'>supersint</span> <span class='ocrx_word' id='word_1_250' title='bbox 479 2142 643 2194; x_wconf 90' lang='lat' dir='ltr'>genuini</span> <span class='ocrx_word' id='word_1_251' title='bbox 663 2144 716 2183; x_wconf 91' lang='lat' dir='ltr'>de</span> <span class='ocrx_word' id='word_1_252' title='bbox 729 2144 933 2183; x_wconf 88' lang='lat' dir='ltr'>Cathedra</span> <span class='ocrx_word' id='word_1_253' title='bbox 955 2143 1062 2182; x_wconf 88' lang='lat' dir='ltr'>Petri</span> <span class='ocrx_word' id='word_1_254' title='bbox 1082 2150 1283 2184; x_wconf 78' lang='lat' dir='ltr'>tractatus,</span> <span class='ocrx_word' id='word_1_255' title='bbox 1300 2143 1470 2183; x_wconf 89' lang='lat' dir='ltr'>Mirifice</span> <span class='ocrx_word' id='word_1_256' title='bbox 1492 2143 1531 2182; x_wconf 90' lang='lat' dir='ltr'>in</span> <span class='ocrx_word' id='word_1_257' title='bbox 1553 2157 1602 2183; x_wconf 90' lang='lat' dir='ltr'>eo</span> <span class='ocrx_word' id='word_1_258' title='bbox 1623 2145 1866 2183; x_wconf 88' lang='lat' dir='ltr'>extolluntur</span> <span class='ocrx_word' id='word_1_259' title='bbox 1880 2142 2084 2194; x_wconf 89' lang='lat' dir='ltr'>privilegia</span> 
     </span>
     <span class='ocr_line' id='line_1_27' title="bbox 266 2197 2084 2249; baseline 0.001 -14"><span class='ocrx_word' id='word_1_260' title='bbox 266 2199 381 2236; x_wconf 89' lang='lat' dir='ltr'>Petro</span> <span class='ocrx_word' id='word_1_261' title='bbox 402 2210 425 2235; x_wconf 91' lang='lat' dir='ltr'>a</span> <span class='ocrx_word' id='word_1_262' title='bbox 445 2197 606 2238; x_wconf 90' lang='lat' dir='ltr'>Christo</span> <span class='ocrx_word' id='word_1_263' title='bbox 626 2199 793 2237; x_wconf 87' lang='lat' dir='ltr'>collata:</span> <span class='ocrx_word' id='word_1_264' title='bbox 811 2197 971 2247; x_wconf 83' lang='lat' dir='ltr'>insuper</span> <span class='ocrx_word' id='word_1_265' title='bbox 991 2197 1066 2236; x_wconf 92' lang='lat' dir='ltr'>illis</span> <span class='ocrx_word' id='word_1_266' title='bbox 1086 2197 1215 2237; x_wconf 90' lang='lat' dir='ltr'>verbis</span> <span class='ocrx_word' id='word_1_267' title='bbox 1235 2198 1358 2237; x_wconf 88' lang='lat' dir='ltr'>utitur</span> <span class='ocrx_word' id='word_1_268' title='bbox 1378 2197 1651 2246; x_wconf 87' lang='lat' dir='ltr'>concionator,</span> <span class='ocrx_word' id='word_1_269' title='bbox 1674 2197 1788 2249; x_wconf 87' lang='lat' dir='ltr'>queis</span> <span class='ocrx_word' id='word_1_270' title='bbox 1809 2197 1902 2238; x_wconf 88' lang='lat' dir='ltr'>satis</span> <span class='ocrx_word' id='word_1_271' title='bbox 1916 2198 2084 2237; x_wconf 90' lang='lat' dir='ltr'>innuere</span> 
     </span>
     <span class='ocr_line' id='line_1_28' title="bbox 262 2251 2080 2304; baseline 0.001 -14"><span class='ocrx_word' id='word_1_272' title='bbox 262 2251 443 2291; x_wconf 86' lang='lat' dir='ltr'>videatur</span> <span class='ocrx_word' id='word_1_273' title='bbox 474 2253 513 2290; x_wconf 90' lang='lat' dir='ltr'>in</span> <span class='ocrx_word' id='word_1_274' title='bbox 546 2252 658 2292; x_wconf 90' lang='lat' dir='ltr'>Urbe</span> <span class='ocrx_word' id='word_1_275' title='bbox 691 2259 778 2291; x_wconf 90' lang='lat' dir='ltr'>tum</span> <span class='ocrx_word' id='word_1_276' title='bbox 810 2253 999 2302; x_wconf 88' lang='lat' dir='ltr'>temporis</span> <span class='ocrx_word' id='word_1_277' title='bbox 1031 2253 1206 2292; x_wconf 82' lang='lat' dir='ltr'>adfuisse</span> <span class='ocrx_word' id='word_1_278' title='bbox 1236 2266 1317 2300; x_wconf 90' lang='lat' dir='ltr'>eos,</span> <span class='ocrx_word' id='word_1_279' title='bbox 1339 2253 1409 2303; x_wconf 91' lang='lat' dir='ltr'>qui</span> <span class='ocrx_word' id='word_1_280' title='bbox 1441 2254 1630 2292; x_wconf 88' lang='lat' dir='ltr'>Romano</span> <span class='ocrx_word' id='word_1_281' title='bbox 1662 2261 1870 2304; x_wconf 87' lang='lat' dir='ltr'>praeerant</span> <span class='ocrx_word' id='word_1_282' title='bbox 1901 2252 2080 2303; x_wconf 90' lang='lat' dir='ltr'>imperio.</span> 
     </span>
     <span class='ocr_line' id='line_1_29' title="bbox 264 2306 2083 2360; baseline 0 -14"><span class='ocrx_word' id='word_1_283' title='bbox 264 2315 285 2346; x_wconf 89' lang='grc'>&lt;&lt;</span> <span class='ocrx_word' id='word_1_284' title='bbox 309 2307 425 2354; x_wconf 91' lang='lat' dir='ltr'>Ecce,</span> <span class='ocrx_word' id='word_1_285' title='bbox 442 2306 584 2356; x_wconf 88' lang='lat' dir='ltr'>inquit,</span> <span class='ocrx_word' id='word_1_286' title='bbox 601 2307 846 2352; x_wconf 24' lang='lat' dir='ltr'>inruniverso</span> <span class='ocrx_word' id='word_1_287' title='bbox 865 2307 964 2348; x_wconf 18' lang='lat' dir='ltr'>*orbe</span> <span class='ocrx_word' id='word_1_288' title='bbox 984 2307 1076 2345; x_wconf 91' lang='lat' dir='ltr'>urbs</span> <span class='ocrx_word' id='word_1_289' title='bbox 1098 2307 1224 2357; x_wconf 87' lang='lat' dir='ltr'>prima</span> <span class='ocrx_word' id='word_1_290' title='bbox 1244 2308 1305 2346; x_wconf 91' lang='lat' dir='ltr'>vel</span> <span class='ocrx_word' id='word_1_291' title='bbox 1325 2307 1498 2346; x_wconf 89' lang='lat' dir='ltr'>maxima</span> <span class='ocrx_word' id='word_1_292' title='bbox 1520 2309 1763 2360; x_wconf 85' lang='lat' dir='ltr'>pauperculo</span> <span class='ocrx_word' id='word_1_293' title='bbox 1786 2307 1939 2347; x_wconf 87' lang='lat' dir='ltr'>homini</span> <span class='ocrx_word' id='word_1_294' title='bbox 1962 2321 1984 2346; x_wconf 88' lang='lat' dir='ltr'>a</span> <span class='ocrx_word' id='word_1_295' title='bbox 2006 2320 2083 2358; x_wconf 90' lang='lat' dir='ltr'>xpo</span> 
     </span>
     <span class='ocr_line' id='line_1_30' title="bbox 265 2360 2084 2413; baseline -0.001 -12"><span class='ocrx_word' id='word_1_296' title='bbox 265 2360 529 2411; x_wconf 89' lang='lat' dir='ltr'>«specialiter</span> <span class='ocrx_word' id='word_1_297' title='bbox 562 2362 736 2411; x_wconf 87' lang='lat' dir='ltr'>regenda</span> <span class='ocrx_word' id='word_1_298' title='bbox 770 2361 1042 2400; x_wconf 87' lang='lat' dir='ltr'>committitur.</span> <span class='ocrx_word' id='word_1_299' title='bbox 1079 2360 1207 2412; x_wconf 87' lang='lat' dir='ltr'>Ligno</span> <span class='ocrx_word' id='word_1_300' title='bbox 1240 2361 1368 2401; x_wconf 91' lang='lat' dir='ltr'>crucis</span> <span class='ocrx_word' id='word_1_301' title='bbox 1403 2361 1549 2413; x_wconf 87' lang='lat' dir='ltr'>regalia</span> <span class='ocrx_word' id='word_1_302' title='bbox 1583 2369 1738 2412; x_wconf 89' lang='lat' dir='ltr'>sceptra</span> <span class='ocrx_word' id='word_1_303' title='bbox 1772 2363 2011 2409; x_wconf 90' lang='lat' dir='ltr'>subduntur,</span> <span class='ocrx_word' id='word_1_304' title='bbox 2046 2370 2084 2401; x_wconf 88' lang='lat' dir='ltr'>et</span> 
     </span>
     <span class='ocr_line' id='line_1_31' title="bbox 267 2415 2091 2467; baseline -0.001 -11"><span class='ocrx_word' id='word_1_305' title='bbox 267 2424 289 2456; x_wconf 78' lang='lat'>&lt;(</span> <span class='ocrx_word' id='word_1_306' title='bbox 311 2415 534 2465; x_wconf 86' lang='lat' dir='ltr'>imperiales</span> <span class='ocrx_word' id='word_1_307' title='bbox 554 2428 728 2466; x_wconf 89' lang='lat' dir='ltr'>purpure</span> <span class='ocrx_word' id='word_1_308' title='bbox 749 2416 814 2466; x_wconf 90' lang='lat' dir='ltr'>xpi</span> <span class='ocrx_word' id='word_1_309' title='bbox 835 2424 874 2454; x_wconf 88' lang='lat' dir='ltr'>et</span> <span class='ocrx_word' id='word_1_310' title='bbox 894 2423 1122 2454; x_wconf 87' lang='lat' dir='ltr'>sanctorum</span> <span class='ocrx_word' id='word_1_311' title='bbox 1145 2423 1359 2467; x_wconf 88' lang='lat' dir='ltr'>martyrum</span> <span class='ocrx_word' id='word_1_312' title='bbox 1394 2416 1577 2467; x_wconf 89' lang='lat' dir='ltr'>sanguini</span> <span class='ocrx_word' id='word_1_313' title='bbox 1597 2417 1870 2467; x_wconf 89' lang='lat' dir='ltr'>subjugantur.</span> <span class='ocrx_word' id='word_1_314' title='bbox 1894 2418 1938 2455; x_wconf 86' lang='lat' dir='ltr'><em>F</em></span> <span class='ocrx_word' id='word_1_315' title='bbox 1940 2417 2091 2467; x_wconf 76' lang='lat' dir='ltr'>algenti</span> 
     </span>
     <span class='ocr_line' id='line_1_32' title="bbox 264 2470 2082 2521; baseline -0.001 -12"><span class='ocrx_word' id='word_1_316' title='bbox 264 2477 288 2510; x_wconf 89' lang='grc'>’((</span> <span class='ocrx_word' id='word_1_317' title='bbox 308 2471 527 2520; x_wconf 80' lang='lat' dir='ltr'>conspicuus</span> <span class='ocrx_word' id='word_1_318' title='bbox 544 2471 768 2518; x_wconf 79' lang='lat' dir='ltr'>diademate,</span> <span class='ocrx_word' id='word_1_319' title='bbox 791 2476 829 2509; x_wconf 83' lang='lat' dir='ltr'>et</span> <span class='ocrx_word' id='word_1_320' title='bbox 845 2470 1130 2509; x_wconf 79' lang='lat' dir='ltr'>innumerabili</span> <span class='ocrx_word' id='word_1_321' title='bbox 1142 2471 1315 2509; x_wconf 84' lang='lat' dir='ltr'>vallatus</span> <span class='ocrx_word' id='word_1_322' title='bbox 1333 2472 1501 2510; x_wconf 81' lang='lat' dir='ltr'>exercitu</span> <span class='ocrx_word' id='word_1_323' title='bbox 1515 2472 1693 2521; x_wconf 74' lang='lat' dir='ltr'>princeps</span> <span class='ocrx_word' id='word_1_324' title='bbox 1703 2471 1908 2521; x_wconf 71' lang='lat' dir='ltr'>piscatoris</span> <span class='ocrx_word' id='word_1_325' title='bbox 1929 2471 2082 2509; x_wconf 83' lang='lat' dir='ltr'>munire</span> 
     </span>
     <span class='ocr_line' id='line_1_33' title="bbox 267 2525 2087 2576; baseline -0.001 -11"><span class='ocrx_word' id='word_1_326' title='bbox 267 2534 288 2565; x_wconf 88' lang='lat'>«</span> <span class='ocrx_word' id='word_1_327' title='bbox 309 2537 345 2562; x_wconf 87' lang='lat' dir='ltr'>se</span> <span class='ocrx_word' id='word_1_328' title='bbox 371 2525 546 2573; x_wconf 81' lang='lat' dir='ltr'>precibus</span> <span class='ocrx_word' id='word_1_329' title='bbox 571 2526 759 2575; x_wconf 81' lang='lat' dir='ltr'>postulat,</span> <span class='ocrx_word' id='word_1_330' title='bbox 780 2526 1016 2575; x_wconf 49' lang='lat' dir='ltr'>ejusdemque</span> <span class='ocrx_word' id='word_1_331' title='bbox 1036 2526 1185 2564; x_wconf 64' lang='lat' dir='ltr'>merdis</span> <span class='ocrx_word' id='word_1_332' title='bbox 1204 2526 1328 2576; x_wconf 83' lang='lat' dir='ltr'>magis</span> <span class='ocrx_word' id='word_1_333' title='bbox 1345 2539 1462 2575; x_wconf 82' lang='lat' dir='ltr'>quam</span> <span class='ocrx_word' id='word_1_334' title='bbox 1483 2526 1832 2575; x_wconf 68' lang='lat' dir='ltr'>circunfiuentibus</span> <span class='ocrx_word' id='word_1_335' title='bbox 1855 2527 2017 2576; x_wconf 83' lang='lat' dir='ltr'>gemmis</span> <span class='ocrx_word' id='word_1_336' title='bbox 2051 2539 2087 2564; x_wconf 82' lang='lat' dir='ltr'>se</span> 
     </span>
     <span class='ocr_line' id='line_1_34' title="bbox 266 2579 2085 2631; baseline -0.001 -12"><span class='ocrx_word' id='word_1_337' title='bbox 266 2588 287 2619; x_wconf 88' lang='lat'>(&lt;</span> <span class='ocrx_word' id='word_1_338' title='bbox 300 2579 434 2628; x_wconf 80' lang='lat' dir='ltr'>potius</span> <span class='ocrx_word' id='word_1_339' title='bbox 462 2580 608 2618; x_wconf 81' lang='lat' dir='ltr'>ornari</span> <span class='ocrx_word' id='word_1_340' title='bbox 633 2580 805 2630; x_wconf 81' lang='lat' dir='ltr'>deposcit.</span> <span class='ocrx_word' id='word_1_341' title='bbox 839 2580 963 2629; x_wconf 88' lang='lat' dir='ltr'>Quod</span> <span class='ocrx_word' id='word_1_342' title='bbox 995 2586 1053 2618; x_wconf 86' lang='lat' dir='ltr'>est</span> <span class='ocrx_word' id='word_1_343' title='bbox 1086 2580 1163 2618; x_wconf 87' lang='lat' dir='ltr'>hoc</span> <span class='ocrx_word' id='word_1_344' title='bbox 1196 2579 1470 2631; x_wconf 88' lang='lat' dir='ltr'>investigabile</span> <span class='ocrx_word' id='word_1_345' title='bbox 1504 2593 1693 2619; x_wconf 88' lang='lat' dir='ltr'>arcanum</span> <span class='ocrx_word' id='word_1_346' title='bbox 1726 2581 1947 2631; x_wconf 83' lang='lat' dir='ltr'>sapientiae</span> <span class='ocrx_word' id='word_1_347' title='bbox 1986 2580 2085 2620; x_wconf 92' lang='lat' dir='ltr'>dei?</span> 
     </span>
     <span class='ocr_line' id='line_1_35' title="bbox 266 2634 2085 2686; baseline -0.001 -13"><span class='ocrx_word' id='word_1_348' title='bbox 266 2642 287 2673; x_wconf 89' lang='lat'>«</span> <span class='ocrx_word' id='word_1_349' title='bbox 307 2645 506 2683; x_wconf 87' lang='lat' dir='ltr'>quaenam</span> <span class='ocrx_word' id='word_1_350' title='bbox 541 2634 615 2673; x_wconf 92' lang='lat' dir='ltr'>hec</span> <span class='ocrx_word' id='word_1_351' title='bbox 636 2634 847 2673; x_wconf 88' lang='lat' dir='ltr'>inmutatio</span> <span class='ocrx_word' id='word_1_352' title='bbox 869 2635 1054 2673; x_wconf 75' lang='lat' dir='ltr'>dexterae</span> <span class='ocrx_word' id='word_1_353' title='bbox 1075 2634 1227 2673; x_wconf 83' lang='lat' dir='ltr'>exelsi?</span> <span class='ocrx_word' id='word_1_354' title='bbox 1259 2635 1486 2685; x_wconf 89' lang='lat' dir='ltr'>Egenorum</span> <span class='ocrx_word' id='word_1_355' title='bbox 1511 2634 1659 2673; x_wconf 89' lang='lat' dir='ltr'>meritis</span> <span class='ocrx_word' id='word_1_356' title='bbox 1680 2634 1822 2674; x_wconf 85' lang='lat' dir='ltr'>divites</span> <span class='ocrx_word' id='word_1_357' title='bbox 1851 2634 2085 2686; x_wconf 87' lang='lat' dir='ltr'>locupletari</span> 
     </span>
     <span class='ocr_line' id='line_1_36' title="bbox 265 2689 2082 2740; baseline 0.002 -14"><span class='ocrx_word' id='word_1_358' title='bbox 265 2697 286 2728; x_wconf 88' lang='lat'>«</span> <span class='ocrx_word' id='word_1_359' title='bbox 307 2700 350 2726; x_wconf 90' lang='lat' dir='ltr'>se</span> <span class='ocrx_word' id='word_1_360' title='bbox 374 2689 587 2737; x_wconf 82' lang='lat' dir='ltr'>postulant,</span> <span class='ocrx_word' id='word_1_361' title='bbox 609 2696 649 2727; x_wconf 91' lang='lat' dir='ltr'>et</span> <span class='ocrx_word' id='word_1_362' title='bbox 668 2689 894 2739; x_wconf 80' lang='lat' dir='ltr'>ignobilium</span> <span class='ocrx_word' id='word_1_363' title='bbox 914 2694 1135 2727; x_wconf 80' lang='lat' dir='ltr'>sanctorum</span> <span class='ocrx_word' id='word_1_364' title='bbox 1165 2689 1325 2727; x_wconf 83' lang='lat' dir='ltr'>tumulis</span> <span class='ocrx_word' id='word_1_365' title='bbox 1347 2690 1526 2739; x_wconf 80' lang='lat' dir='ltr'>generosi</span> <span class='ocrx_word' id='word_1_366' title='bbox 1533 2695 1705 2738; x_wconf 79' lang='lat' dir='ltr'>proceres</span> <span class='ocrx_word' id='word_1_367' title='bbox 1733 2695 2044 2740; x_wconf 80' lang='lat' dir='ltr'>prosternuntur</span> <span class='ocrx_word' id='word_1_368' title='bbox 2062 2699 2082 2730; x_wconf 85' lang='lat'>»</span> 
     </span>
     <span class='ocr_line' id='line_1_37' title="bbox 265 2741 2085 2794; baseline 0.001 -13"><span class='ocrx_word' id='word_1_369' title='bbox 265 2748 338 2781; x_wconf 86' lang='lat' dir='ltr'>etc.</span> <span class='ocrx_word' id='word_1_370' title='bbox 376 2741 500 2792; x_wconf 85' lang='lat' dir='ltr'>Atqui</span> <span class='ocrx_word' id='word_1_371' title='bbox 533 2742 721 2781; x_wconf 85' lang='lat' dir='ltr'>omnibus</span> <span class='ocrx_word' id='word_1_372' title='bbox 756 2751 896 2781; x_wconf 85' lang='lat' dir='ltr'>notum</span> <span class='ocrx_word' id='word_1_373' title='bbox 916 2751 988 2781; x_wconf 74' lang='lat' dir='ltr'>vest</span> <span class='ocrx_word' id='word_1_374' title='bbox 1022 2742 1348 2782; x_wconf 88' lang='lat' dir='ltr'>Valentinianum</span> <span class='ocrx_word' id='word_1_375' title='bbox 1383 2743 1664 2794; x_wconf 88' lang='lat' dir='ltr'>imperatorem</span> <span class='ocrx_word' id='word_1_376' title='bbox 1698 2757 1797 2782; x_wconf 87' lang='lat' dir='ltr'>cum</span> <span class='ocrx_word' id='word_1_377' title='bbox 1827 2744 2005 2783; x_wconf 89' lang='lat' dir='ltr'>Placidia</span> <span class='ocrx_word' id='word_1_378' title='bbox 2046 2751 2085 2783; x_wconf 91' lang='lat' dir='ltr'>et</span> 
     </span>
     <span class='ocr_line' id='line_1_38' title="bbox 269 2796 2081 2848; baseline 0.001 -14"><span class='ocrx_word' id='word_1_379' title='bbox 269 2796 451 2835; x_wconf 91' lang='lat' dir='ltr'>Eudoxia</span> <span class='ocrx_word' id='word_1_380' title='bbox 483 2797 672 2847; x_wconf 87' lang='lat' dir='ltr'>Augustis</span> <span class='ocrx_word' id='word_1_381' title='bbox 707 2798 882 2836; x_wconf 90' lang='lat' dir='ltr'>Romam</span> <span class='ocrx_word' id='word_1_382' title='bbox 904 2797 1059 2836; x_wconf 90' lang='lat' dir='ltr'>venisse</span> <span class='ocrx_word' id='word_1_383' title='bbox 1079 2810 1185 2836; x_wconf 92' lang='lat' dir='ltr'>anno</span> <span class='ocrx_word' id='word_1_384' title='bbox 1207 2808 1297 2847; x_wconf 87' lang='lat'>450,</span> <span class='ocrx_word' id='word_1_385' title='bbox 1321 2797 1447 2847; x_wconf 89' lang='lat' dir='ltr'>pridie</span> <span class='ocrx_word' id='word_1_386' title='bbox 1478 2797 1733 2837; x_wconf 85' lang='lat' dir='ltr'>festivitatem</span> <span class='ocrx_word' id='word_1_387' title='bbox 1768 2798 1939 2848; x_wconf 87' lang='lat' dir='ltr'>apostoli</span> <span class='ocrx_word' id='word_1_388' title='bbox 1964 2799 2081 2845; x_wconf 90' lang='lat' dir='ltr'>Petri,</span> 
     </span>
     <span class='ocr_line' id='line_1_39' title="bbox 269 2849 2080 2902; baseline 0.002 -14"><span class='ocrx_word' id='word_1_389' title='bbox 269 2849 310 2889; x_wconf 92' lang='lat' dir='ltr'>id</span> <span class='ocrx_word' id='word_1_390' title='bbox 331 2856 401 2897; x_wconf 90' lang='lat' dir='ltr'>est,</span> <span class='ocrx_word' id='word_1_391' title='bbox 425 2858 466 2889; x_wconf 93' lang='lat' dir='ltr'>ut</span> <span class='ocrx_word' id='word_1_392' title='bbox 486 2851 692 2902; x_wconf 88' lang='lat' dir='ltr'>peritiores</span> <span class='ocrx_word' id='word_1_393' title='bbox 712 2852 862 2902; x_wconf 90' lang='lat' dir='ltr'>quique</span> <span class='ocrx_word' id='word_1_394' title='bbox 882 2851 1202 2901; x_wconf 86' lang='lat' dir='ltr'>interpretantur,</span> <span class='ocrx_word' id='word_1_395' title='bbox 1227 2861 1248 2892; x_wconf 88' lang='lat'>«</span> <span class='ocrx_word' id='word_1_396' title='bbox 1267 2853 1410 2891; x_wconf 86' lang='lat' dir='ltr'>Natale</span> <span class='ocrx_word' id='word_1_397' title='bbox 1424 2852 1529 2891; x_wconf 87' lang='lat' dir='ltr'>Petri</span> <span class='ocrx_word' id='word_1_398' title='bbox 1545 2853 1597 2891; x_wconf 89' lang='lat' dir='ltr'>de</span> <span class='ocrx_word' id='word_1_399' title='bbox 1611 2853 1812 2892; x_wconf 85' lang='lat' dir='ltr'>Cathedra</span> <span class='ocrx_word' id='word_1_400' title='bbox 1827 2863 1847 2894; x_wconf 87' lang='lat'>»</span> <span class='ocrx_word' id='word_1_401' title='bbox 1866 2854 1974 2892; x_wconf 93' lang='lat' dir='ltr'>VIII</span> <span class='ocrx_word' id='word_1_402' title='bbox 1993 2855 2080 2892; x_wconf 89' lang='lat' dir='ltr'>Kal.</span> 
     </span>
     <span class='ocr_line' id='line_1_40' title="bbox 270 2904 2085 2958; baseline 0.002 -16"><span class='ocrx_word' id='word_1_403' title='bbox 270 2904 398 2946; x_wconf 88' lang='lat' dir='ltr'>martii</span> <span class='ocrx_word' id='word_1_404' title='bbox 418 2905 457 2943; x_wconf 95' lang='lat' dir='ltr'>in</span> <span class='ocrx_word' id='word_1_405' title='bbox 478 2904 756 2955; x_wconf 88' lang='lat' dir='ltr'>antiquissimo</span> <span class='ocrx_word' id='word_1_406' title='bbox 779 2905 1027 2944; x_wconf 89' lang='lat' dir='ltr'>Kalendario</span> <span class='ocrx_word' id='word_1_407' title='bbox 1049 2905 1303 2944; x_wconf 87' lang='lat' dir='ltr'>Bucheriano</span> <span class='ocrx_word' id='word_1_408' title='bbox 1324 2915 1531 2953; x_wconf 85' lang='lat' dir='ltr'>notatum3</span> <span class='ocrx_word' id='word_1_409' title='bbox 1561 2906 1626 2946; x_wconf 91' lang='lat' dir='ltr'>die</span> <span class='ocrx_word' id='word_1_410' title='bbox 1656 2914 1789 2946; x_wconf 90' lang='lat' dir='ltr'>autem</span> <span class='ocrx_word' id='word_1_411' title='bbox 1823 2907 2006 2958; x_wconf 88' lang='lat' dir='ltr'>sequenti</span> <span class='ocrx_word' id='word_1_412' title='bbox 2034 2908 2085 2946; x_wconf 87' lang='lat' dir='ltr'>ad</span> 
     </span>
     <span class='ocr_line' id='line_1_41' title="bbox 270 2958 2086 3011; baseline 0.001 -13"><span class='ocrx_word' id='word_1_413' title='bbox 270 2958 474 2998; x_wconf 86' lang='lat' dir='ltr'>basilicam</span> <span class='ocrx_word' id='word_1_414' title='bbox 509 2959 678 3009; x_wconf 88' lang='lat' dir='ltr'>apostoli</span> <span class='ocrx_word' id='word_1_415' title='bbox 711 2961 816 2999; x_wconf 87' lang='lat' dir='ltr'>Petri</span> <span class='ocrx_word' id='word_1_416' title='bbox 850 2960 1101 3011; x_wconf 87' lang='lat' dir='ltr'>processisse,</span> <span class='ocrx_word' id='word_1_417' title='bbox 1137 2967 1175 2998; x_wconf 88' lang='lat' dir='ltr'>et</span> <span class='ocrx_word' id='word_1_418' title='bbox 1210 2959 1289 2998; x_wconf 89' lang='lat' dir='ltr'>illic</span> <span class='ocrx_word' id='word_1_419' title='bbox 1326 2970 1347 3000; x_wconf 87' lang='grc'>(&lt;</span> <span class='ocrx_word' id='word_1_420' title='bbox 1383 2968 1472 3010; x_wconf 89' lang='lat' dir='ltr'>post</span> <span class='ocrx_word' id='word_1_421' title='bbox 1508 2961 1775 3000; x_wconf 83' lang='lat' dir='ltr'>venerabilem</span> <span class='ocrx_word' id='word_1_422' title='bbox 1812 2971 1971 3001; x_wconf 86' lang='lat' dir='ltr'>noctem</span> <span class='ocrx_word' id='word_1_423' title='bbox 2007 2962 2086 3000; x_wconf 83' lang='lat' dir='ltr'>diei</span> 
     </span>
     <span class='ocr_line' id='line_1_42' title="bbox 269 3013 2086 3065; baseline 0.002 -13"><span class='ocrx_word' id='word_1_424' title='bbox 269 3013 438 3063; x_wconf 91' lang='lat' dir='ltr'>apostoli</span> <span class='ocrx_word' id='word_1_425' title='bbox 459 3023 481 3054; x_wconf 87' lang='lat'>»</span> <span class='ocrx_word' id='word_1_426' title='bbox 503 3026 526 3052; x_wconf 89' lang='lat' dir='ltr'>a</span> <span class='ocrx_word' id='word_1_427' title='bbox 546 3015 583 3053; x_wconf 89' lang='lat' dir='ltr'>S.</span> <span class='ocrx_word' id='word_1_428' title='bbox 608 3016 744 3054; x_wconf 90' lang='lat' dir='ltr'>Leone</span> <span class='ocrx_word' id='word_1_429' title='bbox 768 3016 955 3053; x_wconf 88' lang='lat' dir='ltr'>Romano</span> <span class='ocrx_word' id='word_1_430' title='bbox 977 3014 1167 3065; x_wconf 86' lang='lat' dir='ltr'>episcopo</span> <span class='ocrx_word' id='word_1_431' title='bbox 1189 3022 1228 3053; x_wconf 90' lang='lat' dir='ltr'>et</span> <span class='ocrx_word' id='word_1_432' title='bbox 1247 3015 1298 3053; x_wconf 92' lang='lat' dir='ltr'>ab</span> <span class='ocrx_word' id='word_1_433' title='bbox 1319 3014 1416 3062; x_wconf 88' lang='lat' dir='ltr'>aliis,</span> <span class='ocrx_word' id='word_1_434' title='bbox 1438 3023 1539 3064; x_wconf 85' lang='lat' dir='ltr'>quos</span> <span class='ocrx_word' id='word_1_435' title='bbox 1560 3015 1625 3054; x_wconf 91' lang='lat' dir='ltr'>ille</span> <span class='ocrx_word' id='word_1_436' title='bbox 1644 3029 1695 3054; x_wconf 88' lang='lat' dir='ltr'>ex</span> <span class='ocrx_word' id='word_1_437' title='bbox 1729 3016 2086 3055; x_wconf 86' lang='lat' dir='ltr'>innumerabilibus</span> 
     </span>
     <span class='ocr_line' id='line_1_43' title="bbox 269 3067 2086 3120; baseline 0.002 -14"><span class='ocrx_word' id='word_1_438' title='bbox 269 3067 492 3107; x_wconf 88' lang='lat' dir='ltr'>civitatibus</span> <span class='ocrx_word' id='word_1_439' title='bbox 515 3067 656 3107; x_wconf 88' lang='lat' dir='ltr'>Italiae</span> <span class='ocrx_word' id='word_1_440' title='bbox 677 3070 900 3119; x_wconf 87' lang='lat' dir='ltr'>collegerat,</span> <span class='ocrx_word' id='word_1_441' title='bbox 923 3068 1154 3108; x_wconf 88' lang='lat' dir='ltr'>sollenniter</span> <span class='ocrx_word' id='word_1_442' title='bbox 1174 3077 1384 3119; x_wconf 87' lang='lat' dir='ltr'>exceptum</span> <span class='ocrx_word' id='word_1_443' title='bbox 1406 3070 1526 3108; x_wconf 90' lang='lat' dir='ltr'>fuisse</span> <span class='ocrx_word' id='word_1_444' title='bbox 1547 3069 1682 3120; x_wconf 89' lang='lat' dir='ltr'>(Conf.</span> <span class='ocrx_word' id='word_1_445' title='bbox 1707 3070 1936 3110; x_wconf 88' lang='lat' dir='ltr'>Tillemont.</span> <span class='ocrx_word' id='word_1_446' title='bbox 1964 3072 2016 3109; x_wconf 89' lang='lat' dir='ltr'>H.</span> <span class='ocrx_word' id='word_1_447' title='bbox 2037 3072 2086 3110; x_wconf 88' lang='lat' dir='ltr'>E.</span> 
     </span>
     <span class='ocr_line' id='line_1_44' title="bbox 269 3123 2087 3174; baseline 0.003 -15"><span class='ocrx_word' id='word_1_448' title='bbox 269 3123 356 3170; x_wconf 91' lang='lat' dir='ltr'>XV,</span> <span class='ocrx_word' id='word_1_449' title='bbox 380 3124 458 3161; x_wconf 91' lang='lat'>600</span> <span class='ocrx_word' id='word_1_450' title='bbox 478 3129 515 3162; x_wconf 92' lang='lat' dir='ltr'>et</span> <span class='ocrx_word' id='word_1_451' title='bbox 537 3130 672 3162; x_wconf 85' lang='lat' dir='ltr'>notam</span> <span class='ocrx_word' id='word_1_452' title='bbox 711 3123 1012 3163; x_wconf 86' lang='lat' dir='ltr'>Balleriniorum</span> <span class='ocrx_word' id='word_1_453' title='bbox 1048 3137 1110 3173; x_wconf 86' lang='lat' dir='ltr'>ap.</span> <span class='ocrx_word' id='word_1_454' title='bbox 1150 3124 1289 3174; x_wconf 87' lang='lat' dir='ltr'>Migne</span> <span class='ocrx_word' id='word_1_455' title='bbox 1311 3135 1373 3173; x_wconf 86' lang='lat'>54,</span> <span class='ocrx_word' id='word_1_456' title='bbox 1397 3124 1506 3173; x_wconf 88' lang='lat'>857).</span> <span class='ocrx_word' id='word_1_457' title='bbox 1543 3124 1668 3163; x_wconf 91' lang='lat' dir='ltr'>Unde</span> <span class='ocrx_word' id='word_1_458' title='bbox 1698 3133 1875 3164; x_wconf 89' lang='lat' dir='ltr'>mentem</span> <span class='ocrx_word' id='word_1_459' title='bbox 1898 3124 2017 3171; x_wconf 77' lang='lat' dir='ltr'>subit,</span> <span class='ocrx_word' id='word_1_460' title='bbox 2039 3139 2087 3164; x_wconf 86' lang='lat' dir='ltr'>ex</span> 
     </span>
     <span class='ocr_line' id='line_1_45' title="bbox 271 3175 2085 3228; baseline 0.002 -13"><span class='ocrx_word' id='word_1_461' title='bbox 271 3175 482 3216; x_wconf 90' lang='lat' dir='ltr'>occasione</span> <span class='ocrx_word' id='word_1_462' title='bbox 502 3178 667 3217; x_wconf 89' lang='lat' dir='ltr'>fortasse</span> <span class='ocrx_word' id='word_1_463' title='bbox 688 3177 963 3228; x_wconf 88' lang='lat' dir='ltr'>imperatoriae</span> <span class='ocrx_word' id='word_1_464' title='bbox 997 3177 1100 3216; x_wconf 85' lang='lat' dir='ltr'>illius</span> <span class='ocrx_word' id='word_1_465' title='bbox 1137 3176 1735 3228; x_wconf 72' lang='lat' dir='ltr'>peregrinationis&gt;concionem</span> <span class='ocrx_word' id='word_1_466' title='bbox 1768 3180 1872 3218; x_wconf 84' lang='lat' dir='ltr'>hanc</span> <span class='ocrx_word' id='word_1_467' title='bbox 1908 3179 2085 3222; x_wconf 77' lang='lat' dir='ltr'>habitam</span> 
     </span>
     <span class='ocr_line' id='line_1_46' title="bbox 273 3230 2086 3283; baseline 0.002 -14"><span class='ocrx_word' id='word_1_468' title='bbox 273 3230 404 3278; x_wconf 87' lang='lat' dir='ltr'>fuisse,</span> <span class='ocrx_word' id='word_1_469' title='bbox 426 3243 546 3280; x_wconf 89' lang='lat' dir='ltr'>quam</span> <span class='ocrx_word' id='word_1_470' title='bbox 566 3231 652 3271; x_wconf 90' lang='lat' dir='ltr'>aliis</span> <span class='ocrx_word' id='word_1_471' title='bbox 672 3231 891 3272; x_wconf 88' lang='lat' dir='ltr'>rationibus</span> <span class='ocrx_word' id='word_1_472' title='bbox 911 3232 1056 3271; x_wconf 89' lang='lat' dir='ltr'>ductus</span> <span class='ocrx_word' id='word_1_473' title='bbox 1080 3233 1226 3279; x_wconf 90' lang='lat' dir='ltr'>Leone,</span> <span class='ocrx_word' id='word_1_474' title='bbox 1252 3231 1431 3271; x_wconf 87' lang='lat' dir='ltr'>Maximo</span> <span class='ocrx_word' id='word_1_475' title='bbox 1452 3232 1781 3283; x_wconf 87' lang='lat' dir='ltr'>Chrysologoque</span> <span class='ocrx_word' id='word_1_476' title='bbox 1803 3233 1868 3274; x_wconf 83' lang='lat' dir='ltr'>uix</span> <span class='ocrx_word' id='word_1_477' title='bbox 1889 3247 1936 3273; x_wconf 87' lang='lat' dir='ltr'>ac</span> <span class='ocrx_word' id='word_1_478' title='bbox 1957 3248 2007 3273; x_wconf 90' lang='lat' dir='ltr'>ne</span> <span class='ocrx_word' id='word_1_479' title='bbox 2024 3234 2086 3273; x_wconf 86' lang='lat' dir='ltr'>vix</span> 
     </span>
    </p>
   </div>
   <div class='ocr_carea' id='block_1_9' title="bbox 331 3327 581 3351">
    <p class='ocr_par' dir='ltr' id='par_1_9' title="bbox 331 3327 581 3351">
     <span class='ocr_line' id='line_1_47' title="bbox 331 3327 581 3351; baseline -0.008 -1"><span class='ocrx_word' id='word_1_480' title='bbox 331 3327 460 3350; x_wconf 68' lang='lat' dir='ltr'>Auecdota</span> <span class='ocrx_word' id='word_1_481' title='bbox 471 3327 581 3351; x_wconf 73' lang='lat' dir='ltr'>Mareds.</span> 
     </span>
    </p>
   </div>
  </div>
 </body>
</html>
