2554 3658
445 355 538 414 258
725 370 778 401 ΙΝ
817 368 1171 402 NATIUITATEM
1210 367 1389 400 SANCTI
1429 367 1680 400 IOHANNIS
1718 368 1974 400 BABTISTE.

515 482 594 529 ET
632 498 960 531 RESPONDENS
997 496 1259 530 ANGELUSA
1304 482 1428 528 dixit
1465 482 1539 537 ei„

515 565 629 630 Ego
655 584 762 614 sum
787 565 1013 632 gabrihel
1039 566 1122 629 qui
1149 565 1292 612 adsto
1328 577 1443 612 ante
1476 565 1652 612 deum?
1676 575 1725 612 et
1759 565 1938 613 missus
1970 582 2077 612 sum
2114 564 2245 628 loqui

444 649 507 697 ad
533 661 582 698 te
608 661 657 698 et
682 649 802 698 haec
829 651 917 698 tibi
943 649 1314 714 euangelizare.,
1335 651 1409 697 Et
1426 667 1521 697 ecce
1544 650 1639 698 eris
1657 662 1854 698 tacens<
1878 660 1927 697 et
1944 666 2041 697 non
2064 649 2248 713 poteris

445 734 579 798 loqui
605 752 762 799 usque
788 735 835 783 in
873 736 1003 783 diem
1049 752 1147 798 quo
1191 734 1310 782 haec
1337 733 1456 780 fiant
1496 749 1586 795 pro
1611 749 1671 780 eo
1697 732 1830 795 quod
1858 749 1954 780 non
1998 732 2248 781 credidisti

403 834 421 870 5
447 818 611 866 uerbis
638 819 788 866 meist.
822 836 949 882 quae
975 818 1294 881 inplebuntur
1320 817 1367 864 in
1395 828 1620 879 tempore
1647 855 1655 865 .
1686 833 1806 873 suo.,

518 902 596 949 ET
633 918 764 949 ERAT
801 918 950 950 PLEBs
976 913 1245 964 expectans
1285 900 1552 948 zaccariam
1580 912 1629 948 et
1655 900 1959 948 mirabantur
1997 900 2130 964 quod
2156 911 2248 948 tar-

447 985 587 1033 daret
613 985 718 1048 ipse
745 985 793 1032 in
820 984 1035 1048 templo,
1065 983 1083 1051 ΙΙ

518 1068 769 1132 Egressus
795 1080 990 1116 autem(
1024 1085 1119 1116 non
1148 1080 1342 1131 poterat
1367 1067 1501 1131 loqui
1526 1068 1589 1115 ad
1617 1067 1754 1124 illos.,
1800 1068 1867 1115 Et
1907 1069 2251 1132 cognoberunt

448 1152 580 1215 quod
622 1152 862 1199 uisionem
901 1151 1107 1200 uidisset
1134 1152 1181 1199 in
1225 1151 1438 1215 temploa
1485 1152 1666 1214 etipse
1709 1164 1813 1199 erat
1841 1152 2050 1200 innuens
2086 1152 2178 1200 illis
2205 1164 2253 1200 et

385 1256 425 1279 ιο
449 1237 719 1299 permansit
745 1248 939 1292 mutus,
971 1237 1039 1284 Et
1064 1235 1245 1283 facturn
1272 1248 1348 1284 est
1373 1248 1426 1284 ut
1452 1235 1639 1299 impleti
1666 1248 1780 1283 sunt
1806 1236 1911 1284 dies
1939 1236 2085 1284 officii
2112 1237 2245 1285 eiust.

448 1320 567 1368 abiit
594 1320 641 1367 in
669 1320 1067 1375 domum-suam,

521 1405 638 1451 Post
666 1404 756 1451 hos
783 1414 947 1451 autem
974 1404 1080 1452 dies
1106 1404 1332 1468 concepit
1376 1403 1653 1452 helisabeth
1694 1422 1818 1452 uxor
1843 1405 1975 1453 eiusl.
2009 1418 2059 1454 et
2095 1405 2253 1454 occul-

451 1489 587 1538 tabat
613 1506 666 1536 se
694 1488 948 1535 mensibus
974 1489 1193 1552 quinque
1220 1490 1420 1544 dicens„

519 1573 650 1635 Quia
675 1572 742 1619 sic
770 1572 881 1619 mici
909 1571 1024 1620 fecit
1048 1573 1278 1621 dominus
1305 1573 1352 1620 in
1379 1572 1554 1621 diebus
1580 1573 1758 1635 quibus
1779 1572 2024 1636 respexita
2047 1572 2255 1621 aufferre

390 1679 426 1713 15
451 1659 771 1723 obprobrium
799 1676 962 1707 meum
991 1659 1117 1706 inter
1142 1657 1399 1713 homines,

521 1744 807 1791 EXURGENS
845 1758 1020 1791 AUTEM
1059 1758 1219 1790 MARIA
1257 1780 1266 1790 .
1307 1741 1355 1789 in
1395 1741 1571 1789 diebus
1609 1740 1729 1788 illisa
1779 1740 1899 1788 abiit
1942 1740 1989 1787 in
2025 1752 2260 1788 montana

453 1845 564 1875 cum
592 1827 909 1875 festinatione
951 1827 999 1874 in
1025 1827 1275 1874 ciuitatem
1303 1825 1505 1873 iudeae4
1539 1836 1589 1873 et
1627 1825 1827 1873 intrabit
1854 1824 1901 1871 in
1928 1824 2130 1872 domum
2157 1841 2260 1872 zac-

454 1912 613 1960 cariae
627 1926 642 1955 4
657 1919 659 1921 ’
675 1923 725 1959 et
751 1910 985 1959 salutabit
1010 1909 1320 1965 helisabeth,

525 1997 593 2044 Et
619 1996 802 2044 factum
842 2007 917 2044 est
959 2006 1011 2042 ut
1053 1993 1242 2041 audiuit
1266 1991 1616 2041 salutationem
1644 1992 1797 2040 marie
1824 1991 2095 2041 elisabeth<
2128 1991 2261 2040 exul-

390 2101 433 2124 20
456 2080 578 2128 tauit
604 2080 764 2127 infans
793 2079 840 2126 in
866 2090 1007 2136 utero
1033 2079 1169 2134 eius„

527 2164 606 2211 ET
657 2179 881 2211 REPLETA
931 2178 1022 2211 EST
1061 2177 1258 2210 SPIRITU
1299 2175 1494 2208 SANCTo
1543 2175 1824 2208 ELISABETH
1876 2158 1881 2225 Ι
1917 2174 2008 2221 352
2046 2158 2051 2225 Ι
2096 2171 2145 2208 et
2187 2178 2264 2208 ex-

462 2247 690 2296 clamauit
730 2265 852 2296 uoce
892 2265 1073 2312 magna
1100 2258 1149 2295 et
1191 2246 1346 2303 dixit„
1380 2246 1652 2294 Benedicta
1693 2258 1743 2293 tu
1772 2246 1900 2294 inter
1925 2245 2155 2294 mulieres
2182 2285 2190 2295 .
2220 2258 2268 2294 et

464 2331 754 2380 benedictus
781 2332 966 2380 fructus
992 2330 1178 2379 uentris
1206 2329 1306 2386 tui.‚
1333 2342 1338 2347 ·

531 2422 597 2469 Et
625 2421 756 2469 unde
782 2421 876 2468 hoc
903 2421 1045 2470 mici<
1077 2432 1129 2468 ut
1156 2419 1346 2467 ueniret
1374 2431 1529 2467 mater
1554 2419 1740 2466 domini
1768 2420 1863 2467 mei
1892 2421 1953 2467 ad
1981 2437 2090 2477 me.,

395 2532 433 2566 25
529 2511 662 2558 Ecce
689 2510 819 2558 enim
850 2522 900 2557 ut
927 2510 1054 2558 facta
1080 2521 1154 2557 est
1181 2526 1278 2556 uox
1305 2507 1614 2556 salutationis
1652 2520 1765 2556 tuae
1803 2508 1850 2556 in
1885 2509 2083 2557 auribus
2110 2511 2260 2558 meisa

461 2593 702 2642 exultauit
730 2593 777 2640 in
805 2593 990 2658 gaudio
1016 2593 1177 2640 infans
1204 2592 1251 2639 in
1279 2603 1420 2639 utero
1447 2608 1589 2648 meo.‚

532 2683 600 2730 Et
625 2682 773 2731 beata
798 2700 925 2746 quae
951 2681 1230 2730 credidistis.
1262 2681 1494 2744 quoniam
1524 2681 1838 2744 perficientur
1863 2700 1922 2730 ea
1965 2700 2094 2746 quae
2138 2684 2268 2732 dicta

462 2778 576 2815 sunt
602 2766 690 2814 tibi
717 2783 746 2813 a
771 2766 1005 2823 domino,

533 2855 722 2903 Mansit
764 2866 929 2902 autem
974 2854 1127 2902 maria
1166 2871 1275 2902 cum
1321 2852 1400 2900 illa
1439 2891 1448 2900 .
1490 2854 1631 2917 quasi
1682 2855 1935 2903 mensibus
1986 2856 2169 2904 tribus(
2220 2870 2268 2905 et

398 2967 439 2999 30
464 2956 663 2988 reuersa
687 2951 763 2987 est
790 2939 837 2986 in
864 2939 1066 2986 domum
1093 2955 1262 2994 suam,

532 3028 791 3076 Elisabeth
832 3039 997 3076 autem
1043 3028 1296 3091 impletum
1341 3039 1416 3075 est
1458 3039 1654 3091 tempus
1698 3029 1969 3092 pariendi&
1989 3041 2038 3078 et
2075 3031 2266 3094 peperit

463 3114 644 3162 filium<
693 3126 742 3161 et
784 3113 1046 3161 audierunt
1085 3112 1230 3159 uicini
1274 3124 1322 3159 et
1365 3112 1563 3175 cognati
1606 3113 1740 3162 eius<
1774 3113 1889 3176 quia
1930 3114 2265 3178 magnificauit

566 3273 579 3295 3
592 3262 631 3288 Et
643 3270 707 3288 ecce
720 3261 788 3287 add.
805 3262 835 3288 in
850 3271 909 3288 ras.
981 3271 1010 3286 21
1026 3267 1053 3287 et
1066 3260 1200 3286 clamauit
1214 3268 1227 3285 1
1241 3269 1332 3286 manu
