2554 3658
466 357 526 404 74
924 358 978 389 IN
1017 357 1176 389 PRIMO
1213 355 1469 389 DOMINICO
1504 357 1572 388 AD
1611 356 1814 389 MISSAM.

430 501 432 503 ·
461 473 703 524 foramine
734 471 740 538 Ι
781 474 870 534 148
903 471 909 537 Ι
942 483 1175 520 aemanat
1213 470 1407 519 dulcem
1434 482 1484 518 et
1509 487 1727 517 amaram
1761 471 1980 534 aquam?
2022 471 2280 535 Numquid

462 569 628 623 potest
665 557 840 604 fratres
878 556 974 604 mei
1012 557 1133 604 ficus
1171 556 1328 604 olibas
1367 556 1557 603 facere<
1602 565 1687 602 aut
1723 553 1838 602 uitis
1873 554 2039 603 ficus?
2083 555 2165 603 Sic
2198 571 2284 603 nec

462 641 592 690 salsa
618 654 774 704 aquaz
807 639 1125 689 dulcedinem
1151 651 1318 703 potest
1344 638 1563 694 habere,

534 730 634 792 Qui
671 729 870 793 sapiens
908 741 984 777 est
1021 741 1071 778 et
1109 728 1450 792 disciplinatus
1477 728 1604 775 inter
1630 741 1748 775 uos<
1786 727 2018 775 ostendat
2054 745 2116 775 ex
2153 727 2285 775 bona

422 837 441 873 5
466 813 845 862 conuersatione
881 813 1226 876 operationem
1267 829 1405 860 suam
1447 811 1495 858 in
1536 811 1968 859 mansuetudinem
2007 811 2277 875 sapientiec

466 916 554 963 per
578 899 727 947 fidem
754 916 850 963 que
878 911 953 948 est
981 899 1029 946 in
1058 916 1159 962 xpo
1187 898 1328 947 ihesu
1354 897 1558 946 domino
1586 908 1787 953 nostro,
1817 913 1994 954 amen.‚

470 1090 703 1130 LECTIO
753 1089 983 1128 SANCTI
1027 1089 1420 1128 EUANGELIIc
1472 1088 1832 1128 SECUNDUM
1878 1088 2283 1137 IOHANNEM„

1266 1171 1345 1223 (IV
1376 1172 1486 1222 5·42)

541 1338 614 1385 IN
668 1337 840 1386 ILLO
886 1337 1284 1386 TEMPORE<
1336 1337 1568 1385 dominus
1596 1346 1765 1384 noster
1791 1334 1957 1383 ihesus
1994 1352 2122 1398 xps.
2154 1334 2290 1383 uenit

408 1451 447 1474 10
471 1423 518 1469 in
546 1420 796 1470 ciuitatem
824 1421 1035 1469 samarie
1061 1438 1158 1485 que
1186 1421 1365 1469 dicitur
1389 1434 1562 1484 sycari
1596 1420 1725 1467 iusta
1750 1419 1977 1483 predium
1998 1419 2132 1482 quod
2152 1418 2289 1466 dedit

472 1507 612 1554 iacob
639 1505 811 1570 ioseph
839 1506 939 1554 filio
965 1524 1085 1563 suo.,
1119 1507 1244 1554 Erat
1281 1518 1447 1555 autem
1475 1505 1569 1553 ibi<
1604 1505 1714 1553 fons
1740 1503 1910 1560 iacob,
1955 1502 2130 1551 Ihesus
2167 1519 2289 1567 ergo

472 1590 705 1656 fatigatus
732 1608 793 1639 ex
821 1591 1025 1641 itinere&
1069 1591 1277 1639 sedebat
1314 1591 1384 1657 sic
1420 1607 1570 1654 super
1595 1601 1828 1653 puteum<
1861 1588 1982 1636 hora
2007 1597 2112 1635 erat
2147 1587 2288 1650 quasi

472 1688 644 1731 sexta„

544 1766 699 1815 Uenit
727 1765 901 1814 mulier
926 1766 987 1814 de
1014 1766 1253 1813 samariaae
1288 1763 1307 1832 ΙΙ
1331 1765 1528 1813 haurire
1565 1780 1777 1828 aquam„
1822 1761 1959 1834 Dicit
1995 1761 2045 1808 ei.
2083 1760 2282 1817 ihesus,

412 1881 449 1916 15
546 1858 627 1905 Da
654 1857 764 1904 mici
807 1857 1012 1913 hibere„
1045 1855 1290 1919 Discipuli
1317 1855 1450 1904 enim
1476 1854 1582 1903 eius
1625 1854 1853 1902 abierunt
1879 1852 1927 1899 in
1965 1850 2193 1900 ciuitatec
2234 1864 2287 1899 ut

475 1942 613 1990 cibos
639 1952 896 1996 emerent.,

546 2031 682 2079 Dicit
706 2047 828 2095 ergo
852 2031 901 2077 εἰ
922 2029 1001 2077 illa
1027 2029 1202 2080 mulier
1228 2043 1589 2085 SAMARITANA.,

545 2120 815 2183 Quomodo
841 2132 893 2168 tu
921 2119 1126 2168 iudaeus
1152 2137 1305 2183 quum
1332 2119 1398 2167 sis
1425 2118 1597 2166 bibere
1622 2135 1651 2164 a
1677 2133 1754 2164 me
1780 2116 1974 2179 poscis<
2007 2132 2135 2179 quae
2177 2132 2285 2163 sum

478 2206 651 2254 mulier
678 2205 1009 2260 samaritana„
1057 2203 1175 2251 Non
1217 2204 1348 2251 enim
1376 2213 1685 2266 quoutuntur
1711 2200 1901 2248 iudaeic
1934 2217 2045 2247 cum
2087 2200 2288 2247 samari-

412 2318 454 2341 20
478 2290 635 2346 tanis,
667 2289 948 2352 Respondit
988 2287 1155 2335 ihesus
1182 2299 1232 2335 et
1274 2287 1403 2335 dixit
1445 2286 1548 2343 ei÷÷.‚
1594 2285 1647 2333 Si
1691 2284 1842 2332 scires
1868 2284 2054 2332 donum
2080 2284 2189 2333 deix·
2239 2296 2290 2332 et

477 2374 587 2437 quis
613 2385 688 2421 est
714 2372 797 2436 qui
824 2372 942 2419 dicit
968 2371 1056 2419 tibi
1083 2372 1146 2418 da
1173 2371 1284 2418 mici
1314 2371 1512 2419 bibere<
1545 2382 1597 2417 tu
1625 2369 1830 2416 forsitan
1874 2368 2085 2431 petisses
2127 2368 2190 2416 ab
2227 2387 2287 2417 eo

544 2526 558 2543 2
572 2525 623 2542 nec
636 2524 651 2542 c
663 2516 731 2542 add.
747 2523 763 2541 2
776 2524 868 2541 manu
939 2523 969 2547 15
982 2514 1079 2541 bibere
1091 2514 1119 2541 bi
1133 2518 1195 2548 sup.
1210 2515 1262 2541 lin.
1337 2525 1367 2548 ¹7
1381 2514 1407 2541 ei
1419 2524 1474 2541 om.
1490 2515 1521 2541 in
1528 2514 1634 2547 prima
1645 2513 1802 2546 scriptione
1870 2522 1903 2539 20
1914 2510 1955 2539 ei*
1968 2521 2108 2539 serasum

522 2644 539 2677 7
563 2636 741 2668 secundum
769 2634 975 2672 iohannem]
1003 2634 1138 2678 Integer
1174 2633 1208 2665 in
1232 2633 1349 2666 codice
1419 2634 1508 2676 gelia
1539 2636 1782 2679 quadragimali
1814 2643 1964 2680 tempore
1996 2638 2188 2679 recitantur,
2224 2650 2292 2671 non

477 2698 591 2726 nostro
607 2690 782 2723 exhibetur
795 2688 1037 2730 pulcherrimus
1050 2688 1122 2726 iste,
1142 2689 1200 2720 sed
1218 2688 1250 2720 in
1268 2688 1349 2727 Mis·
1418 2688 1553 2730 quidem
1570 2690 1688 2723 diebus
1703 2691 1890 2731 dominicis,
1909 2693 1966 2725 sed
1983 2693 2082 2725 certis
2094 2694 2292 2736 quibusdam

477 2748 538 2781 sali
566 2745 783 2778 Mozarabum
808 2743 927 2775 misere
948 2743 1098 2774 turbatus
1125 2743 1207 2775 ordo
1224 2743 1350 2785 perico-

478 2814 590 2845 parum
618 2812 657 2832 ex
683 2797 880 2839 Evangelio,
911 2808 997 2839 quae
1024 2798 1202 2830 dominicis
1233 2798 1351 2830 diebus

477 2863 627 2897 tempore
644 2851 928 2894 Quadragesimae
952 2851 985 2883 in
1005 2851 1172 2893 Hispania
1195 2853 1350 2894 legeban-

477 2917 528 2944 tur
547 2923 554 2942 :
581 2908 750 2941 dominica
765 2907 873 2949 prima
899 2907 942 2938 de
959 2907 1180 2946 Samaritana,
1206 2909 1352 2939 secunda

478 2967 519 2998 de
537 2964 659 3001 Caeco,
679 2961 777 2993 tertia
791 2962 833 2992 de
851 2960 1026 2992 Mediante
1042 2961 1096 2992 die
1119 2961 1214 3000 sesto,
1234 2968 1352 3003 quarta

478 3019 520 3051 de
538 3018 673 3049 Lazaro.
697 3015 800 3046 Paulo
816 3025 910 3046 secus
933 3014 966 3045 in
986 3014 1115 3046 Missali
1139 3016 1351 3048 ambrosiano

478 3078 589 3106 vetere
607 3083 614 3103 ε
630 3070 664 3101 in
681 3080 721 3101 eo
738 3068 825 3100 enim
855 3068 1025 3099 dominica
1041 3069 1148 3109 prima
1164 3069 1351 3111 assignatur

478 3125 688 3168 evangelium
715 3124 756 3155 de
774 3122 996 3162 Samaritana,
1014 3124 1161 3155 secunda
1176 3124 1218 3155 de
1245 3125 1351 3156 Abra-

478 3183 556 3214 ham
573 3181 683 3223 (Joan.
703 3178 806 3216 VIII,
825 3178 892 3218 31),
921 3176 1018 3208 tertia
1034 3177 1076 3209 de
1094 3178 1215 3217 Caeco,
1234 3184 1351 3220 quarta

478 3238 520 3269 de
533 3237 668 3268 Lazaro.
683 3232 784 3275 Apud
798 3232 968 3264 Romanos
979 3232 1080 3265 etiam
1092 3232 1241 3275 praefata
1252 3244 1351 3266 evan·

1419 2743 1508 2775 seriis
1535 2745 1662 2786 quartis
1690 2747 1742 2778 vel
1764 2747 1878 2786 sextis,
1907 2758 1992 2789 quae
2015 2748 2182 2781 scrutiniis
2199 2760 2292 2791 pera-

1418 2798 1536 2840 gendis
1552 2801 1754 2833 constitutae
1771 2801 1851 2834 olim
1874 2808 1979 2835 erant.
2000 2803 2177 2845 Singulare
2193 2816 2293 2847 porro

1419 2858 1481 2892 est,
1496 2855 1585 2896 quod
1598 2855 1715 2887 iisdem
1727 2856 1845 2888 diebus
1858 2868 1897 2889 ex
1909 2858 2083 2900 evangelio
2095 2859 2292 2902 desumptae

1419 2908 1484 2941 sint
1515 2909 1720 2951 antiphonae
1750 2911 1793 2942 ad
1824 2912 2105 2952 communionem,
2138 2925 2223 2956 quae
2257 2914 2292 2947 in

1419 2964 1555 3006 reliquis
1573 2964 1680 2996 missis
1697 2965 1866 2998 ferialibus
1882 2977 1900 2998 e
1916 2967 2052 3008 psalmis
2083 2968 2157 3000 1-26
2173 2969 2290 3002 ordine

1419 3016 1589 3059 dispositis
1602 3022 1678 3049 sunt
1690 3025 1877 3060 excerptae.
1897 3020 1994 3052 Conf.
2011 3020 2176 3053 eruditum
2193 3032 2291 3064 opus-

1419 3072 1529 3103 eulum
1540 3072 1655 3103 domni
1668 3072 1703 3104 P.
1715 3073 1757 3105 G.
1772 3073 1879 3115 Cagin
1891 3074 2047 3107 monachi
2059 3075 2288 3116 Solesmensis,

1419 3126 1509 3168 quod
1540 3126 1730 3159 inscribitur
1768 3128 1822 3160 Un
1853 3133 1919 3160 mot
1946 3139 2010 3160 sur
2037 3131 2052 3161 l
2057 3129 2292 3175 'Antiphonale

1419 3181 1618 3220 Missarum,
1638 3182 1810 3222 Solesmis,
1833 3183 1925 3223 1890.
