2554 3658
654 346 931 381 LECTIONES
969 347 1033 380 EX

236 469 292 504 IN
315 471 520 514 QUARTA
542 473 692 506 FERIA
717 473 937 506 PASCHAE

293 530 348 571 ad
366 530 571 584 ephesios
604 532 687 575 sub
708 532 839 577 titulo
861 543 950 575 IIII.

231 704 286 735 IN
311 704 500 739 PASCHA
521 707 794 742 ANNOTINA

288 765 345 807 ad
367 766 573 821 ephesios
595 769 678 810 sub
701 769 832 811 titulo
854 778 960 811 XIII.

230 939 284 973 IN
311 941 511 976 NATALE
532 943 862 978 SANCTORUM.
887 945 1031 977 PETRI

288 1009 350 1043 ET
371 1010 521 1045 PAULI
543 1042 545 1044 .

287 1072 343 1114 ad
367 1085 575 1115 romanos
592 1073 675 1116 sub
696 1074 828 1117 titulo
849 1084 1006 1116 XXXII.

229 1174 284 1207 IN
308 1173 553 1207 IEIUNIUM
577 1173 757 1208 SANCTI
772 1175 1032 1208 LAURENTI

286 1235 343 1277 ad
386 1236 652 1278 timotheum
696 1245 733 1277 11
776 1236 858 1277 sub
903 1235 1034 1278 titulo

286 1314 426 1347 XXIII.

229 1417 282 1451 IN
308 1418 508 1451 NATALE
530 1418 713 1451 EODEM.

286 1480 341 1521 ad
357 1478 610 1521 corintheos
625 1488 663 1520 II
680 1478 1029 1521 subtituloXXII.

228 1661 283 1694 IN
308 1661 510 1695 IEIUNIO
536 1659 714 1693 SANCTI
736 1660 977 1694 ANDREAE

287 1720 342 1760 ad
365 1718 633 1760 timotheum
666 1727 704 1759 II
727 1718 808 1759 sub
830 1718 962 1760 titulo
994 1728 1033 1759 V.

229 1902 284 1934 IN
309 1901 509 1934 NATALE
524 1900 703 1934 SANCTI
725 1899 978 1933 ANDREAE.

288 1962 344 2004 ad
367 1961 620 2003 corintheos
642 1970 658 2002 Ι
681 1961 764 2003 sub
795 1961 926 2003 titulo
954 1970 1038 2004 VII.

229 2143 294 2175 DE
317 2142 639 2176 MARTYRIBUS

286 2204 340 2245 ad
365 2203 552 2245 hebreos
575 2203 657 2244 sub
679 2203 811 2245 titulo
833 2212 917 2244 XII.

225 2599 291 2631 DE
323 2596 647 2631 MARTYRIBUS

282 2659 338 2700 ad
362 2658 548 2700 hebreos
570 2656 654 2698 sub
671 2655 802 2699 titulo
826 2665 899 2696 XII

224 2839 290 2871 DE
308 2838 562 2872 MARTYRIS
585 2837 868 2871 GENERALIS
892 2836 1034 2868 FEMI·
1063 2889 1067 2891 ῃ

283 2907 398 2941 ΝῙΝΙ

279 2970 337 3012 ad
388 2969 643 3011 corintheos
695 2977 731 3009 11
764 2967 847 3008 sub
898 2965 1030 3007 titulo

280 3048 410 3082 XXIII

224 3150 290 3183 DE
312 3148 635 3183 MARTYRIBUS

283 3211 339 3259 ad
362 3210 552 3253 hebreos
574 3209 657 3257 sub
679 3207 810 3251 titulo
832 3216 905 3251 XII

1070 346 1327 380 APOSTOLO
1362 347 1641 380 CAPUANAE.

1951 349 2051 396 443²

1189 464 1318 502 Lect.
1366 465 1416 502 in
1451 466 1630 512 quarta
1679 463 1800 502 feria
1845 463 2045 503 Pasche.

1128 532 1252 575 Deus
1275 538 1425 576 autern
1459 533 1536 587 qui
1557 533 1684 575 diues
1707 541 1774 576 est
1800 567 1905 575 ......
1933 540 1980 575 ut
2003 534 2045 575 in

1125 601 1209 643 illis
1231 601 1526 646 ambulemus,
1549 602 1607 657 (II
1627 602 1754 657 4·10)

1186 699 1316 738 Lect.
1334 700 1385 738 in
1411 700 1600 739 Pascha
1619 700 1934 739 annotinum.
1954 700 2046 743 Ob-

1124 781 1248 811 secro
1285 769 1314 812 i.
1333 781 1413 811 uos
1436 782 1521 824 ego
1555 769 1730 812 uinctus
1756 803 1862 812 ......
1887 772 2047 814 aetatis

1123 838 1418 894 plenitudinis
1440 839 1608 882 christi.
1630 841 1700 889 (IV
1727 841 1844 894 1-13)

1182 937 1312 976 Lect.
1347 937 1398 974 in
1434 937 1598 975 natale
1634 939 1792 976 sancti
1826 939 1959 978 Petri
1999 942 2047 977 et

1127 1006 1281 1044 Pauli.
1301 1005 1462 1048 Omnis
1484 1007 1560 1060 qui
1583 1006 1724 1049 credit
1742 1008 1784 1048 in
1808 1007 1932 1050 illum
1956 1022 2043 1050 non

1125 1074 1423 1117 confundetur
1450 1109 1554 1117 ......
1580 1077 1632 1130 (Χ
1656 1077 1765 1130 11-?)

1183 1168 1312 1206 Lect.
1337 1169 1387 1205 in
1404 1169 1591 1206 ieiunio
1612 1170 1769 1207 sacnti
1794 1169 2044 1210 Laurenti.

1126 1236 1178 1278 In
1216 1237 1360 1291 prima
1399 1250 1497 1278 mea
1527 1237 1788 1280 defensione
1828 1272 1933 1280 ......
1975 1241 2046 1282 cui

1119 1305 1312 1360 gloriain
1330 1307 1507 1349 saecula
1523 1306 1801 1350 saeculorum
1811 1307 1883 1362 (IV
1898 1310 1991 1351 16-1
2002 1310 2047 1364 8)

1183 1410 1243 1448 In
1284 1410 1448 1449 natale
1478 1411 1636 1449 sancti
1670 1411 1922 1453 Laurenti.
1956 1412 2046 1468 Qui

1120 1492 1252 1534 parce
1287 1481 1479 1522 seminat
1505 1512 1611 1522 ......
1639 1487 1789 1524 manet
1824 1482 1868 1524 in
1906 1489 2045 1526 aeter·

1121 1562 1238 1592 num.
1274 1549 1348 1604 (IX
1370 1550 1466 1604 6-9)

1184 1654 1314 1699 Lect.
1338 1654 1389 1692 in
1407 1654 1596 1694 ieiunio
1616 1657 1776 1695 sancti
1799 1658 2043 1698 Andreae.

1127 1719 1275 1761 Nemo
1306 1719 1503 1763 militans
1532 1722 1618 1765 deo
1644 1757 1749 1766 ......
1775 1739 1890 1780 quae
1912 1733 1979 1769 est
2001 1729 2045 1769 in

1124 1789 1293 1832 christo
1314 1789 1451 1833 ihesu.
1474 1790 1531 1846 (11
1552 1793 1680 1847 4-10)

1182 1892 1360 1934 Titulus
1401 1903 1471 1935 VII
1504 1912 1536 1924 =
1567 1909 1601 1937 c.
1637 1905 1673 1937 11
1716 1899 1796 1939 1-8.
1834 1900 2048 1955 Pericopa

1128 1962 1308 2017 quidem
1345 1969 1451 2017 apta
1474 1971 1542 2006 est
1579 1966 1635 2007 ad
1658 1967 1791 2018 diem,
1814 1970 1896 2011 etsi
1932 1970 1968 2011 is
1989 1971 2046 2013 ad

1130 2032 1372 2086 marginem
1394 2037 1578 2076 notatus
1600 2049 1689 2078 non
1712 2044 1790 2080 est.
1846 2087 1849 2090 y

1184 2133 1307 2175 Nihil
1330 2134 1467 2177 habet
1497 2147 1652 2190 margo
1674 2137 1730 2179 ad
1769 2138 1948 2182 titulum
1973 2149 2046 2182 XII

1134 2224 1165 2237 =
1177 2217 1210 2244 c.
1227 2213 1263 2244 11
1284 2204 1419 2247 1618.
1434 2203 1585 2259 Quare
1600 2205 1840 2261 legendum
1856 2214 1966 2263 puto
1981 2210 2045 2251 tit.

1127 2281 1353 2323 LXXVIIII,
1391 2273 1465 2316 ubi
1493 2287 1646 2317 reuera
1668 2282 1849 2319 notatur
1879 2280 2047 2319 Lectio

1125 2342 1187 2380 de
1229 2343 1550 2391 martyribus.
1591 2344 1974 2389 Rememoramini
2008 2362 2045 2392 a.

1123 2411 1333 2465 pristinos
1351 2412 1461 2453 dies,
1473 2445 1500 2454 ..
1522 2413 1566 2455 in
1584 2414 1939 2469 adquisitionem.
1952 2420 2044 2461 ani-

1126 2493 1236 2523 mae.
1257 2480 1311 2535 (X
1335 2492 1408 2534 32-
1414 2482 1488 2536 39)

1183 2584 1347 2627 Confer
1369 2585 1549 2628 titulum
1582 2589 1938 2641 praecedentem,
1970 2593 2044 2647 qui

1119 2654 1190 2695 hic
1212 2655 1450 2697 oscitantia
1486 2656 1682 2710 quadam
1713 2661 1926 2714 repetitus
1948 2675 2044 2704 esse

1121 2723 1307 2766 uidetur.

1186 2826 1316 2865 Lect.
1362 2827 1413 2865 in
1456 2829 1620 2868 natale
1662 2835 1912 2881 martyris.
1952 2834 2042 2890 Qui

1121 2908 1157 2953 a.
1180 2895 1394 2949 gloriatur
1416 2896 1461 2938 in
1482 2897 1670 2940 domino
1691 2900 1906 2954 glorietur
1932 2936 2037 2946 ......

1120 2963 1332 3006 exhibere
1355 2964 1532 3009 christo.
1554 2967 1606 3021 (X
1635 2972 1764 3021 17-X1
1788 2971 1832 3024 2)

1179 3135 1316 3187 Nihil,
1338 3137 1513 3179 uti‘iam
1536 3138 1645 3190 dixi,
1667 3140 1723 3182 ad
1754 3141 1818 3184 tit.
1842 3151 1928 3186 XII.
1950 3144 2040 3187 Sed

1125 3206 1183 3248 ad
1222 3205 1469 3265 marginem
1502 3208 1567 3250 tit.
1589 3217 1766 3252 XCV1111
1788 3226 1796 3251 ε
1825 3212 1956 3253 Lect.
1979 3214 2041 3254 de
