2554 3658
504 380 547 421 II
645 344 647 346 Ι
1183 373 1566 416 PRAEFATIO.

503 506 570 575 id
599 533 809 574 unum
861 504 989 572 hoc
1049 504 1197 572 loco
1250 503 1566 572 lectorem
1627 503 2052 572 admonitum
2088 503 2310 585 velim,

505 600 665 669 illud
728 626 1156 688 summopere
1195 625 1300 666 me
1361 596 1796 687 praecavisse,
1829 597 1893 665 in
1924 626 2059 687 quo
2090 612 2315 666 nostra

421 773 426 777 ,
505 694 702 765 etiam
732 708 944 762 aetate
972 692 1139 782 lapsi
1170 707 1326 759 sunt
1352 691 1473 759 viri
1504 691 1890 780 ceteroquin
1920 692 2311 772 doctissimi,

506 804 576 858 ut
605 789 794 879 plura
846 787 1183 855 studerem
1214 813 1418 875 quam
1457 785 1734 854 certiora
1771 800 1834 853 et
1869 786 2133 855 utiliora
2169 814 2314 876 pro·

506 882 955 952 ducere.Inde
991 881 1167 949 enim
1200 907 1400 947 omne
1452 879 1584 947 fere
1613 879 1900 969 pretium
1938 880 2315 949 istiusmodi

508 976 929 1046 collectaneis
959 974 1215 1043 detrahi
1256 974 1685 1063 perspicuum
1717 989 1831 1042 est.

611 1072 755 1139 Iam
793 1069 1159 1158 ver0,quo(l
1199 1068 1264 1135 in
1296 1068 1423 1135 hoc
1461 1067 1678 1157 primo
1713 1068 2056 1137 volumine
2093 1097 2316 1137 occur-

509 1165 606 1245 rit,
643 1164 1065 1233 venerandae
1102 1162 1514 1251 antiquitatis
1553 1178 2070 1231 monumentum
2109 1163 2318 1233 omni·

509 1260 635 1328 bus
672 1252 890 1327 rerum
930 1257 1383 1348 liturgicarum
1414 1256 1732 1325 studiosis
1758 1272 2143 1349 pergratum
2181 1257 2319 1326 fore

509 1353 794 1422 confido,
839 1354 1213 1442 Repertum
1251 1379 1288 1419 a
1324 1378 1430 1419 me
1467 1366 1565 1419 est
1603 1351 1668 1419 in
1713 1351 1946 1420 codice
1982 1380 2148 1421 saec.
2199 1352 2312 1421 XI

510 1447 740 1516 litteris
776 1446 1211 1537 wisigothicis
1249 1445 1516 1535 script0‚
1555 1445 1668 1535 qui
1709 1473 1923 1536 nuper
1959 1446 2024 1514 in
2070 1446 2318 1514 Biblio-

512 1542 774 1611 thecam
837 1541 1242 1609 nationalem
1312 1540 1760 1609 Parisiensem
1824 1540 2079 1610 transiit
2140 1544 2314 1626 (nov.

513 1664 653 1726 acq.
697 1636 799 1704 lat.
839 1638 1064 1721 2171),
1096 1662 1305 1724 quum
1362 1634 1587 1703 multis
1641 1635 1922 1704 saeculis
1975 1636 2040 1704 in
2079 1635 2322 1705 celebri

515 1730 920 1799 monasterio
978 1729 1226 1798 Silensi
1253 1728 1433 1819 apud
1473 1729 1830 1819 Hispanos
1860 1730 2090 1799 fuisset
2118 1757 2324 1799 asser-

514 1841 720 1894 vatus.
770 1825 880 1892 EX
919 1823 995 1892 iis
1034 1823 1217 1892 libris
1275 1838 1429 1903 erat,
1485 1851 1656 1913 quos
1692 1824 1965 1914 praefati
1994 1823 2324 1893 coenobii

519 1918 867 1988 monachis
915 1947 951 1985 a
992 1918 1242 1987 Sancio
1295 1918 1378 1985 de
1430 1918 1840 1988 Tablatiello
1892 1946 2044 1988 aera
2091 1918 2325 1989 MCV

518 2019 641 2099 (an.
666 2013 1162 2098 1067)donatos
1191 2012 1393 2081 fuisse
1422 2012 1745 2082 discimus
1775 2042 1857 2083 ex
1880 2013 2343 2082 instrumento.

519 2107 682 2176 infra
718 2106 983 2197 scripto,
1040 2107 1224 2196 quod
1262 2107 1327 2174 in
1367 2106 1512 2197 ipso
1550 2107 1781 2177 codice
1818 2119 1878 2198 p.
1920 2115 2002 2177 26
2033 2108 2274 2199 legitur
2313 2136 2323 2176 :

617 2210 648 2232 “
693 2202 848 2292 Ego
884 2201 1063 2269 duen
1095 2229 1295 2269 sanzo
1333 2201 1416 2270 de
1445 2202 1805 2271 tablatiello
1829 2202 2107 2293 antiquo
2136 2201 2328 2270 trado

524 2305 557 2326 “
596 2312 794 2385 atque
823 2296 1123 2364 concedo
1153 2322 1340 2364 meos
1389 2296 1656 2365 codices
1692 2297 1778 2365 ad
1815 2297 2026 2365 sancti
2058 2295 2331 2365 sabasti-

527 2399 557 2420 “
595 2390 703 2458 ani
735 2405 796 2458 et
833 2389 1155 2458 comitum
1195 2390 1337 2458 eius
1375 2406 1438 2459 et
1506 2390 1624 2459 tibi
1694 2391 1906 2460 abbas
1945 2390 2226 2460 munnio
2265 2405 2328 2459 et

525 2492 557 2514 “
597 2484 792 2552 sociis
822 2484 951 2552 tuis
981 2499 1420 2573 pneummato
1448 2485 1924 2554 antifunarioet
1952 2484 2330 2554 orationum

526 2587 557 2609 ⁴‘
597 2594 660 2647 et
677 2578 983 2647 manuale
1014 2606 1092 2646 ET
1122 2606 1427 2649 COMICUM
1458 2594 1521 2648 et
1549 2579 1863 2648 ordinum
1894 2594 1957 2648 et
1993 2580 2330 2648 imnorum

527 2680 558 2703 “
598 2687 661 2740 et
697 2671 975 2740 oralium
1037 2672 1103 2740 in
1173 2700 1359 2741 meos
1397 2673 1540 2742 dies
1593 2689 1665 2742 ut
1732 2689 1995 2743 teneam
2065 2673 2210 2742 illos
2270 2688 2333 2742 et

527 2774 559 2797 “
599 2781 831 2856 postea
867 2794 1017 2834 meo
1078 2767 1356 2835 subrino
1405 2767 1583 2836 duen
1637 2796 1848 2859 sango
1901 2783 1964 2837 et
1999 2767 2052 2836 si
2101 2781 2335 2858 postea

527 2870 559 2891 “
598 2859 853 2928 abuerit
881 2860 1059 2928 duen
1097 2888 1308 2951 sango
1337 2861 1421 2930 de
1449 2889 1568 2930 sua
1596 2863 1817 2932 radice
1844 2877 1916 2931 ut
1938 2877 2159 2931 teneat
2187 2860 2333 2929 illos
2417 2906 2419 2908 -

530 2962 561 2985 ‘⁴
600 2969 662 3022 et
698 2953 750 3021 si
789 2954 1120 3044 tugaberit
1155 2983 1275 3023 sua
1310 2955 1532 3025 radice
1592 2972 1663 3025 ut
1699 2956 1972 3036 ueniant
1998 2955 2082 3025 ad
2119 2955 2331 3024 sancti

529 3056 561 3079 “
600 3047 957 3116 sabastiani
1008 3063 1071 3116 et
1106 3077 1231 3139 ego
1277 3050 1486 3118 abbas
1515 3050 1858 3119 dominico
1920 3050 2146 3119 inueni
2186 3049 2332 3118 illos

529 3150 562 3173 “
602 3141 804 3209 libros
843 3141 907 3209 in
947 3168 1184 3211 manus
1221 3143 1304 3212 de
1340 3144 1519 3212 duen
1559 3172 1791 3213 nunno
1820 3159 1884 3213 et
1919 3172 2045 3236 ego
2099 3170 2331 3212 nunno

530 3244 562 3267 “
602 3235 927 3304 confirmo
964 3235 1110 3304 illos
1172 3251 1234 3305 et
1294 3237 1345 3304 si
1408 3238 1491 3306 de
1529 3265 1676 3307 mea
1730 3238 1948 3307 radice
2000 3238 2052 3306 si
2090 3237 2331 3327 aliquis
