2554 3658
500 352 529 397 4
540 354 555 385 1
568 339 595 384 8
1104 344 1353 384 HOMILIAE
1388 351 1703 384 TOLETANAE.

559 464 583 505 f.
614 473 689 516 152
716 465 843 502 Item
873 464 1042 502 alium.
1068 464 1317 515 Karissimi‚
1340 466 1740 518 quotienscumque
1762 466 1818 506 ad
1833 464 2067 507 aeclesiam
2094 498 2199 508 ......
2225 468 2304 508 im-

438 568 440 570 .
502 533 622 587 plere
645 546 774 586 posse
791 532 910 587 quod
933 531 1132 575 dicimus.
1156 533 1416 575 Adiubante
1445 532 1641 583 domino,
1663 539 1743 575 etc.

555 652 620 690 Ad
634 651 796 691 verbum
810 652 889 691 fere
903 650 1088 690 convenit
1103 663 1193 689 cum
1209 650 1415 701 posteriori
1431 658 1540 702 parte
1553 651 1745 691 sermonis
1760 652 1970 703 Augustini
1985 651 2195 706 (Caesarii)
2209 653 2308 695 inter

505 705 689 745 Maianos
709 708 781 745 106
800 706 920 756 (Bibl.
943 707 1043 744 Nov.
1062 706 1176 744 Patr.
1202 706 1233 753 I,
1259 704 1364 755 221).

562 820 588 863 f.
616 826 713 873 153v
738 822 863 858 Item
892 821 1110 858 tertium.
1136 820 1303 870 Nostis,
1320 820 1475 861 fratres
1498 820 1729 871 karissimi,
1744 834 1899 863 omnes
1921 821 2123 864 homines
2145 823 2308 866 sanita-

504 898 593 933 tem
617 889 810 944 corporis
837 921 940 929 ......
963 889 1016 930 ad
1042 889 1238 942 praemia
1261 895 1439 930 aeterna
1461 890 1732 943 perueniant.

560 1012 630 1049 Est
645 1010 752 1060 apud
770 1008 923 1047 Maium
945 1020 1074 1047 sermo
1092 1007 1302 1058 Augustini
1325 1019 1411 1058 105,
1429 1007 1616 1048 Caesario
1632 1016 1670 1048 et
1685 1008 1770 1059 ipse
1787 1009 2068 1059 restituendus,
2086 1017 2129 1050 ut
2148 1010 2259 1051 stilus
2273 1019 2312 1052 et

506 1064 690 1104 codicum
708 1062 917 1113 dispositio
933 1061 1119 1101 ostendit.

564 1180 589 1222 f.
618 1186 714 1232 155V
739 1180 866 1217 Item
887 1181 1109 1226 quartus.
1137 1177 1267 1233 Rogo
1290 1192 1381 1229 uos,
1405 1179 1559 1220 fratres
1582 1178 1814 1231 karissimi,
1830 1194 1962 1222 nemo
1984 1180 2105 1223 dicat
2122 1181 2164 1222 in
2182 1182 2313 1223 corde

506 1264 585 1291 suo
607 1250 709 1303 quia
743 1254 926 1302 peccata
947 1247 1091 1289 carnis
1129 1280 1234 1289 ......
1260 1248 1389 1289 simul
1413 1249 1469 1290 de
1508 1250 1709 1291 mercede
1731 1250 2018 1304 gaudeamus,
2050 1250 2311 1293 Adiubante

507 1322 703 1371 domino,
725 1326 806 1362 etc.

564 1445 623 1482 Ex
636 1455 747 1483 serm.
769 1442 981 1493 Augustini
998 1444 1060 1490 82,
1082 1455 1117 1481 n.
1143 1453 1272 1492 13-15.

568 1559 592 1600 f.
621 1560 698 1611 158
725 1559 849 1596 Item
883 1559 1119 1606 quintus.
1143 1559 1205 1596 de
1235 1557 1492 1604 euangelio
1528 1558 1625 1604 ayt.
1652 1556 1700 1595 Si
1733 1555 1810 1593 uis
1832 1556 2005 1593 uenire
2035 1556 2097 1594 ad
2125 1556 2280 1610 uitam
2304 1584 2313 1595 .

511 1637 654 1666 serua
674 1627 965 1666 mandatum
989 1655 998 1665 .
1025 1626 1450 1679 Dumeuangelium
1475 1625 1702 1679 legeretur,
1718 1625 1872 1666 fratres
1896 1625 2127 1677 karissimi,
2149 1627 2316 1668 audiui-

514 1710 609 1737 mus
645 1697 877 1737 dominum
900 1697 1135 1747 dicentem,
1159 1696 1206 1738 Si
1244 1696 1310 1736 uis
1334 1695 1483 1736 uenire
1516 1726 1620 1735 ......
1647 1700 1690 1735 et
1722 1694 1830 1735 haec
1868 1696 2072 1736 exorauit
2095 1709 2174 1749 pro
2197 1690 2240 1737 te
2262 1696 2319 1738 ab

513 1767 633 1808 omni
659 1766 787 1808 malo.
806 1765 939 1820 Quod
960 1766 1054 1820 ipse
1077 1772 1312 1820 praestare,
1330 1773 1408 1807 etc.

535 1887 735 1947 ‘Constat
769 1885 960 1936 excerptis
994 1898 1016 1925 e
1050 1898 1233 1925 sermone
1267 1883 1478 1935 Augustini
1514 1885 1577 1933 85,
1612 1890 1764 1933 praeter
1792 1882 2008 1922 clausulam
2042 1895 2145 1934 quae
2180 1884 2322 1924 Caesa—

515 1953 615 1979 rium
636 1948 747 1991 sapit.

573 2056 598 2098 f,
626 2057 723 2098 160v
747 2056 874 2093 Item
891 2058 1074 2095 sextus.
1094 2056 1146 2097 In
1166 2055 1391 2109 scripturis
1406 2054 1579 2105 diuinis,
1593 2053 1750 2095 fratres
1767 2052 2056 2105 dilectissimi,
2075 2053 2324 2108 frequenter

517 2127 677 2168 uiduae
698 2159 802 2169 ......
824 2132 928 2167 tunc
952 2131 1078 2166 erunt
1095 2125 1267 2167 diuites.
1292 2124 1557 2166 Perihesum
1582 2137 1704 2177 xpm,
1727 2129 1806 2166 etc.

574 2243 673 2280 Eam
695 2239 902 2281 sententiis
936 2247 973 2278 et
1006 2238 1166 2278 dicendi
1204 2238 1326 2277 modo
1357 2235 1638 2287 cognationem
1673 2237 1793 2276 habet
1813 2249 1906 2275 cum
1936 2249 2119 2277 sermone
2153 2238 2326 2288 append.

518 2298 684 2347 August.
710 2297 798 2346 296,
831 2302 872 2333 ut
894 2294 1023 2333 eidem
1046 2292 1196 2332 auctori
1218 2290 1430 2342 utrumque
1461 2290 1731 2330 indubitanter
1760 2290 1977 2330 adiudices.

578 2412 603 2453 f.
642 2412 738 2464 163v
772 2413 900 2451 Item
930 2410 1186 2458 septimus.
1222 2407 1473 2457 Karissimi‚
1510 2420 1664 2448 omnes
1698 2407 1773 2461 qui
1812 2406 1967 2448 uolunt
2000 2407 2327 2461 adpreaendere

521 2482 682 2523 bonam
700 2481 838 2522 uitam
862 2511 966 2521 ......
990 2479 1184 2532 ipsorum
1201 2483 1267 2518 est
1282 2489 1467 2530 regnum
1486 2475 1719 2517 caelorum.
1737 2475 1871 2530 Quod
1894 2476 1988 2530 ipse
2005 2482 2229 2543 praestare
2247 2469 2328 2519 etc.

582 2595 606 2636 f.
635 2595 714 2645 164
738 2595 864 2631 Item
886 2594 1104 2632 octabus.
1133 2592 1286 2632 Homo
1302 2590 1480 2645 quidem
1504 2595 1597 2631 erat
1615 2590 1738 2631 diues
1765 2622 1869 2631 ......
1888 2604 1913 2631 a
1930 2590 2113 2632 domino
2129 2591 2328 2632 coronari

524 2676 781 2706 mereamur.
805 2661 938 2715 Quod
963 2661 1056 2714 ipse
1077 2666 1301 2714 praestare
1323 2660 1542 2712 dignetur,
1560 2664 1639 2700 etc.

582 2779 606 2820 f,
635 2779 731 2829 167v
773 2777 901 2816 Item
936 2783 1099 2813 nonus
1121 2801 1129 2811 .
1153 2773 1214 2811 de
1255 2773 1304 2811 id
1333 2763 1469 2820 'quod
1508 2772 1751 2819 scriptum
1793 2775 1877 2810 est.
1917 2773 2084 2812 Homo
2124 2773 2328 2820 quidem

523 2848 826 2887 desendebat
846 2846 908 2883 de
929 2844 1229 2882 iherusalem
1251 2842 1301 2879 in
1324 2842 1524 2880 iherico.
1560 2840 1699 2894 [Dum
1723 2839 1980 2894 euangelica
2002 2827 2190 2882 lectione
2212 2841 2328 2895 lege—

524 2924 641 2959 retur
662 2915 791 2969 suppl.
831 2914 875 2955 z'n
914 2912 1070 2966 marg]
1094 2911 1346 2953 audiuimus
1383 2910 1612 2952 dominum
1651 2916 1694 2951 et
1729 2910 1996 2951 saluatorem
2034 2916 2234 2951 nostrum
2271 2911 2327 2951 de

524 2993 707 3042 peccato
722 2985 864 3040 primo
881 2983 1072 3025 hominis
1095 3013 1200 3023 ......
1221 2981 1339 3022 uitae
1356 2979 1568 3035 pabulum
1586 2980 1829 3033 prouidete.
1847 2970 1979 3034 Quod
1997 2980 2089 3034 ipse
2106 2986 2326 3035 praestare

524 3058 743 3111 dignetur,
765 3060 844 3095 etc.

580 3168 662 3207 Hic
690 3177 852 3217 quoque
872 3163 1046 3206 Caesarii
1066 3175 1151 3203 esse
1173 3161 1413 3212 intelligitur,
1434 3160 1662 3212 praesertim
1684 3174 1731 3200 ex
1764 3160 2093 3212 recapitulatione
2127 3160 2166 3200 in
2207 3142 2326 3212 quam

524 3236 654 3263 sermo
674 3220 829 3261 desinit.
