2554 3658
528 381 618 424 392
986 380 1441 412 ADNUNTIATIONES
1480 379 1870 411 FESTIUITATUM.

524 494 713 535 karitate
736 500 926 536 uestram
952 495 1225 536 dilectissimi
1250 494 1403 533 fratres
1428 525 1434 532 .
1459 500 1504 532 ut
1527 505 1682 532 omnes
1705 493 1760 533 ad
1797 493 2032 534 aeclesiam
2071 493 2141 533 dei
2179 493 2235 533 ad
2271 493 2331 532 ui-

523 556 649 610 gilias
674 558 742 598 uel
766 558 821 599 ad
846 559 1024 599 missam
1050 557 1336 599 deuotissime
1359 556 1401 596 in
1426 568 1563 596 unum
1586 555 1901 606 adbeniamus„

582 621 657 662 RS
683 654 690 662 .
713 622 797 662 deo
819 622 1008 675 gratias,

582 685 725 726 Eccae
766 685 982 726 adnuntio
1017 685 1142 725 uobis
1190 683 1402 736 gaudium
1442 695 1654 735 magnum
1698 683 1818 736 quod
1857 683 1938 724 erit
1979 684 2100 724 omni
2142 682 2335 737 populo„

523 747 806 789 Adueniente
828 748 899 789 die
934 748 990 789 ill.
1014 742 1287 789 sollemnitas
1320 746 1400 786 erit
1436 745 1563 786 nobis
1596 745 1682 786 diei
1706 746 1968 788 natiuitatis¹
1989 747 2159 788 domini
2196 747 2332 787 nostri

522 811 645 852 ihesu
669 812 747 865 xpi
770 812 1013 853 secundum
1037 824 1240 860 carnem,
1265 809 1455 850 Proinde
1478 808 1772 850 admonemus
1795 809 2117 852 beatitudinem
2142 817 2332 853 uestram

521 875 795 916 dilectissimi
818 875 973 915 fratres
1008 875 1153 927 adque
1175 873 1511 914 uniuersitatem
1550 871 1718 925 plebis<
1749 879 1796 914 ut
1832 885 1988 914 omnes
2010 875 2065 915 ad
2101 874 2334 916 aeclesiam

520 938 590 979 dei
614 939 668 980 ad
696 938 868 992 uigilias
892 938 960 978 uel
984 939 1040 979 ad
1066 938 1246 978 missam
1269 935 1556 977 deuotissime
1576 936 1619 976 in
1643 948 1781 977 unum
1805 937 2147 988 conueniamus.,

580 1002 864 1043 Adueniente
887 1002 957 1042 die
996 1001 1037 1043 il.
1060 1000 1336 1042 sollemnitas
1373 1001 1453 1040 erit
1475 999 1822 1041 circumcisionis
1845 1000 2014 1042 domini
2051 1002 2188 1042 nostri
2212 1001 2333 1043 ihesu

523 1066 600 1118 xpi
626 1065 869 1106 secundum
895 1077 1071 1105 carnem

579 1128 863 1170 Adueniente
900 1128 972 1169 die
1012 1127 1204 1169 crastina
1238 1122 1393 1168 ornnes
1417 1126 1662 1168 ieiunemus
1698 1134 1745 1168 ut
1783 1128 2128 1170 misericordiam
2164 1129 2333 1171 domini

488 1225 492 1231 .
520 1193 731 1245 consequi
756 1205 1027 1241 mereamur„
1049 1192 1134 1232 deo
1162 1191 1351 1244 gratias,

579 1256 863 1296 Adueniente
887 1255 958 1296 die
982 1255 1041 1296 ill.
1060 1254 1337 1295 sollemnitas
1356 1254 1436 1295 erit
1453 1253 1741 1307 apparitionis
1765 1255 1935 1296 domini
1951 1256 2088 1297 nostri
2111 1256 2234 1298 ihesu
2254 1257 2331 1310 xpi

519 1326 563 1361 et
586 1319 821 1360 salbatoris
845 1318 1091 1359 secundum
1117 1330 1319 1367 carnem,
1344 1317 1534 1358 Proinde
1555 1321 1573 1373 n

581 1383 676 1424 Erit
710 1383 843 1436 igitur
880 1395 998 1423 anno
1035 1381 1231 1435 presenti
1256 1394 1332 1434 per
1355 1380 1699 1422 misericordiam
1734 1382 1804 1423 dei
1826 1382 2098 1424 discurrente
2129 1416 2136 1424 .
2171 1397 2243 1425 era
2275 1384 2333 1426 ill.

520 1447 694 1487 initium
719 1446 848 1487 beate
880 1445 1220 1499 quadragesime
1245 1477 1252 1486 .
1274 1450 1413 1498 quoto
1436 1477 1444 1486 .
1467 1444 1523 1486 ill.
1557 1443 1679 1486 Cena
1707 1445 1876 1486 domini
1900 1479 1908 1488 .
1931 1453 2068 1500 quoto
2100 1447 2157 1489 ill.
2181 1448 2333 1491 Passio

519 1510 689 1551 domini
713 1516 851 1562 quoto
875 1543 882 1552 .
905 1509 963 1551 ill.
1004 1509 1288 1550 Resurrectio
1325 1521 1431 1549 uero
1467 1508 1664 1549 eiusdem
1703 1509 1872 1550 domini
1908 1510 2045 1551 nostri
2075 1511 2198 1552 ihesu
2222 1512 2331 1566 xpi·

522 1579 660 1627 quoto
684 1572 767 1615 ‚ill.
793 1573 951 1614 Luna.
976 1572 1031 1614 ill.

578 1637 783 1678 Crastina
799 1637 898 1677 diae
922 1650 1000 1689 pro
1023 1636 1090 1676 his
1114 1636 1190 1689 qui
1210 1637 1266 1677 de
1289 1636 1481 1689 suscepti
1503 1642 1607 1677 sunt
1630 1637 1685 1677 ad
1709 1636 1942 1678 aeclesiam
1967 1644 2166 1681 sanctam
2191 1638 2332 1681 iheru-

520 1700 690 1741 salem·
680 1714 722 1740 m
746 1713 881 1741 unum
909 1700 964 1740 ad
990 1699 1168 1740 missam
1205 1698 1546 1747 conueniamus..

578 1763 863 1805 Adueniente
882 1763 1007 1805 diae.
1025 1762 1083 1805 ill.
1098 1761 1375 1805 sollemnitas
1393 1762 1474 1804 erit
1488 1763 1574 1804 diei
1591 1764 1858 1805 ascensionis
1874 1765 2041 1806 domini
2058 1767 2196 1808 nostri
2212 1766 2333 1808 ihesu

522 1828 599 1881 xpi
618 1827 860 1868 secundum
887 1840 1089 1877 carnem„
1120 1826 1322 1868 Proinde.
1963 1846 1965 1849 ·

578 1891 864 1932 Adueniente
886 1890 986 1931 diae
1010 1890 1067 1933 ill.
1090 1889 1368 1931 sollemnitas
1391 1890 1472 1931 erit
1494 1891 1580 1931 diei
1604 1891 1802 1933 inuentio
1825 1899 1976 1934 sancte
1998 1894 2160 1944 crucis„

578 1955 865 1995 Adueniente
900 1954 1000 1995 diae
1023 1953 1279 1995 dominico<
1328 1953 1605 1995 sollemnitas
1643 1955 1723 1996 erit
1745 1989 1752 1996 .
1777 1956 1905 1997 nobis
1927 1990 1934 1997 .
1958 1963 2160 1999 sanctum
2180 1965 2332 2012 pente-

520 2025 699 2063 costen..
722 2017 921 2059 Proinde.

578 2082 863 2123 Adueniente
885 2081 985 2122 diae
1010 2080 1066 2122 ill.
1089 2080 1308 2121 festiuitas
1332 2080 1414 2121 erit
1436 2082 1564 2122 nobis
1588 2083 1799 2124 natibitas
1831 2085 1971 2126 sancti
2000 2084 2203 2126 iohannis
2226 2086 2331 2127 bab—

520 2146 622 2187 tiste
646 2151 688 2186 et
714 2145 980 2198 precursoris
1006 2145 1110 2198 xpi„
1134 2144 1325 2185 Proinde

580 2205 866 2317 PEdueniente
904 2208 1004 2249 diae
1041 2207 1098 2250 ill.
1140 2207 1358 2249 festiuitas
1392 2209 1474 2249 erit
1508 2215 1762 2252 sanctorum
1801 2211 2104 2265 apostolorum
2139 2213 2253 2267 petri
2291 2220 2334 2255 et

521 2281 607 2320 pau
631 2281 639 2307 ι

579 2329 868 2371 Adueniente
890 2329 961 2370 die
985 2328 1041 2370 ill.
1066 2329 1283 2370 festiuitas
1306 2330 1387 2370 erit
1410 2332 1670 2372 sacrationis
1693 2311 1867 2374 sancti.
1890 2333 1943 2383 il.,

581 2393 864 2436 Adueniente
886 2393 958 2433 die
978 2393 1016 2433 il.
1042 2392 1259 2433 festiuitas
1283 2392 1363 2433 erit
1387 2394 1618 2436 translatio
1641 2396 1867 2449 corporis.
1889 2397 2029 2438 sancti
2053 2397 2106 2448 il.,

580 2457 866 2499 Adueniente
889 2456 959 2497 die
983 2456 1022 2497 il.
1046 2456 1264 2497 festiuitas
1288 2456 1369 2497 erit
1392 2459 1531 2499 sancti
1556 2458 1595 2499 il.
1620 2460 1843 2513 aepiscopi
1867 2466 1909 2501 et
1943 2459 2205 2502 confessoris
2229 2462 2333 2515 xpi„

581 2520 867 2562 Adueniente
884 2520 955 2561 die
971 2519 1009 2560 il.
1020 2519 1238 2560 festiuitas
1253 2520 1334 2560 erit
1349 2528 1604 2563 sanctorum
1620 2522 1792 2564 illorum
1811 2529 2053 2577 martyrum
2070 2523 2190 2581 xpi.,l
2205 2534 2299 2579 p.25
2318 2523 2323 2581 Ι

582 2586 868 2636 Adueniente
891 2585 990 2627 diae
1014 2586 1053 2627 il.
1077 2585 1295 2627 festiuitas
1326 2587 1405 2627 erit
1428 2592 1678 2626 sanctarum
1704 2586 1923 2640 uirginum
1959 2586 1998 2628 il.
2022 2593 2066 2629 et
2088 2595 2332 2643 martyrum

525 2664 630 2703 xpi„

581 2713 867 2755 Adueniente
890 2713 988 2754 diae
1011 2712 1053 2754 il.
1075 2712 1292 2753 festiuitas
1315 2713 1396 2754 erit
1418 2712 1639 2754 dedicatio
1661 2713 1801 2754 sancti
1826 2713 2051 2755 micahelis
2081 2715 2332 2769 archangeli

509 2777 592 2823 uel
616 2777 835 2818 sociorum
860 2777 976 2825 eius„
1767 2796 1770 2798 ·

582 2874 589 2882 .
615 2840 737 2881 IIIIa
759 2840 865 2880 feria
888 2872 896 2881 .
916 2839 958 2881 U
984 2839 1091 2879 feria
1114 2872 1121 2880 .
1147 2839 1214 2881 UI
1240 2839 1346 2881 feria
1368 2873 1375 2881 .
1399 2840 1493 2881 dies
1515 2847 1643 2881 erunt
1666 2840 1792 2882 nobis
1824 2840 2084 2883 letaniarum
2110 2875 2116 2883 .
2142 2843 2332 2885 Proinde

524 2904 817 2945 admonemus
851 2898 1086 2944 karitatem
1110 2908 1303 2944 uestram
1338 2903 1610 2944 dilectissimi
1635 2903 1789 2957 fratres
1818 2911 1959 2958 ‘atque
1997 2906 2329 2948 uniuersitatem

524 2960 692 3020 plebis(
723 2973 770 3007 ut
792 2979 946 3007 omnes
970 2966 1213 3007 ieiunemus
1236 2972 1279 3008 et
1302 2980 1537 3008 exoremus
1560 2967 1791 3008 dominum
1815 2975 2014 3009 nostrum
2033 2968 2202 3010 ihesum
2220 2983 2329 3023 xpm

524 3043 603 3083 pro
625 3030 817 3083 peccatis
849 3030 1007 3071 nostris
1031 3029 1124 3070 siue
1151 3035 1198 3070 ut
1220 3030 1427 3071 dominus
1462 3031 1571 3072 iram
1602 3044 1627 3072 a
1653 3030 1781 3072 nobis
1809 3030 1995 3073 aufferat
2018 3039 2061 3073 et
2097 3032 2328 3074 aeclesiam

525 3094 693 3134 domini
717 3093 874 3146 iugiter
897 3092 1250 3146 frequentemus,
1272 3107 1425 3143 amen„

643 3157 785 3206 Finit.‚
