2554 3658
1296 656 1417 716 III.

888 819 1276 912 Homiliae
1358 821 1785 913 Toletan'ae

954 951 1032 1003 (Ex
1052 953 1152 992 Cod.
1180 954 1284 991 Mus.
1310 953 1402 992 Brit.
1429 951 1565 992 Addit.
1591 953 1754 1004 30853.)

508 1141 612 1179 Ecce
633 1140 709 1177 iam
742 1138 983 1178 discedimus
1012 1152 1034 1176 a
1054 1140 1195 1178 codice
1216 1138 1394 1178 Parisino
1416 1141 1466 1181 N.
1489 1152 1522 1178 a.
1545 1141 1567 1177 1.
1603 1151 1719 1189 2171,
1742 1153 1823 1178 non
1844 1147 1979 1180 tamen
2000 1154 2023 1180 a
2044 1141 2166 1180 divite
2186 1141 2255 1179 illo

454 1194 663 1233 Silensium
687 1194 973 1232 monachorum
996 1193 1175 1241 armario,
1199 1206 1328 1244 neque
1349 1206 1506 1244 prorsus
1535 1207 1558 1232 a
1579 1193 1696 1233 sacris
1719 1194 1921 1234 Ecclesiae
1942 1196 2162 1234 Toletanae
2183 1195 2258 1234 riti-

453 1249 536 1287 bus.
560 1247 762 1286 Homiliae
783 1247 889 1286 enim
907 1247 957 1286 de
974 1247 1119 1298 quibus
1135 1248 1257 1286 modo
1270 1247 1545 1287 disserendum
1562 1256 1631 1295 est,
1647 1256 1685 1287 et
1698 1249 1880 1299 leguntur
1893 1248 1932 1287 in
1946 1249 2087 1288 codice
2101 1249 2258 1289 Musaei

455 1302 672 1340 Britannici
700 1300 836 1340 Addit.
862 1303 1006 1351 30853‚
1028 1300 1096 1351 qui
1116 1302 1153 1344 S.
1193 1301 1395 1340 Dominici
1416 1302 1466 1340 de
1487 1301 1588 1341 Silos
1609 1303 1814 1352 quondam
1835 1302 1907 1341 fuit
1925 1317 1934 1350 ;
1955 1309 1993 1342 et
2022 1316 2071 1342 eo
2091 1303 2259 1342 consilio

453 1358 643 1395 collectae
660 1357 829 1403 fuerunt,
846 1363 888 1394 ut
910 1355 949 1393 in
967 1355 1094 1394 missis
1118 1355 1316 1406 Liturgiae
1332 1357 1564 1405 Toletanae‚
1581 1356 1707 1406 qualis
1720 1369 1767 1395 ex
1789 1356 1909 1395 Libro
1925 1357 2092 1398 Comico
2108 1364 2260 1397 enotes-

456 1410 519 1458 cit,
542 1411 692 1460 populo
713 1409 980 1449 recitarentur.
1003 1409 1118 1458 Quae
1139 1423 1199 1449 res
1219 1411 1280 1449 vel
1312 1423 1361 1449 eo
1382 1410 1672 1460 comprobatur,
1695 1411 1806 1460 quod
1827 1409 2046 1460 ipsissimae
2074 1411 2261 1450 homiliae

455 1465 557 1503 bene
587 1465 735 1503 multae
764 1470 852 1514 post
883 1463 1129 1514 evangelicas
1159 1463 1349 1503 lectiones
1389 1463 1558 1503 insertae
1587 1464 1834 1514 reperiuntur
1863 1464 1902 1503 in
1932 1465 2260 1504 convenientibus

456 1518 584 1557 missis
597 1517 750 1568 antiqui
771 1517 1072 1557 Sacramentarii
1093 1517 1290 1565 Toletani,
1309 1519 1408 1558 Cod.
1435 1518 1528 1557 Brit.
1552 1519 1688 1558 Addit.
1713 1521 1855 1569 30844.

510 1574 733 1612 Praefatum
755 1580 887 1611 autem
922 1571 1205 1611 Homiliarium
1228 1572 1363 1611 Addit.
1388 1574 1464 1622 308
1471 1584 1489 1622 5
1498 1586 1519 1622 3
1547 1586 1595 1612 ex
1614 1572 1691 1611 alio
1712 1573 1823 1621 libro,
1855 1586 1984 1623 eoque
2005 1573 2259 1621 ordinatiore,

457 1627 575 1666 fuisse
596 1626 850 1677 descriptum,
873 1626 1040 1677 ipsamet
1068 1626 1219 1665 codicis
1239 1626 1447 1677 dispositio
1474 1626 1660 1667 ostendit.
1685 1628 1788 1666 Nam
1819 1628 1989 1678 primum
2011 1626 2260 1677 exscripsisse

458 1682 612 1720 videtur
632 1680 875 1730 antiquarius
897 1693 999 1731 quae
1028 1681 1216 1741 leguntur
1227 1693 1353 1731 usque
1379 1681 1430 1720 ad
1450 1681 1514 1720 fol.
1542 1695 1629 1731 231,
1652 1681 1720 1720 ubi
1755 1681 1874 1720 totius
1894 1681 1988 1720 anni
2004 1680 2259 1720 ecclesiastici

458 1735 693 1775 lectionibus
714 1736 791 1774 hoc
811 1736 936 1774 modo
957 1734 1046 1774 finis
1067 1735 1309 1786 imponitur.
1331 1737 1457 1774 F1N1T
1471 1747 1556 1775 DEo
1577 1747 1754 1775 GRAT1As
1775 1747 1906 1774 AMEN
1923 1735 2093 1785 Reliqua
2114 1735 2260 1775 veroin

459 1791 621 1829 modum
645 1789 910 1840 supplementi
926 1801 973 1828 ex
994 1790 1134 1828 eadem
1155 1789 1367 1840 archetypa
1387 1789 1655 1838 collectione,
1653 1791 1723 1829 vel
1746 1803 1793 1829 ex
1812 1789 1989 1845 cognatis
2010 1789 2064 1828 illi
2085 1789 2260 1829 fontibus

457 1843 592 1883 addita
615 1843 767 1883 fuerint.

514 1899 606 1959 Quo
622 1897 773 1936 circiter
787 1906 965 1948 tempore
981 1897 1022 1937 id
1038 1898 1186 1936 factum
1204 1897 1330 1945 fuerit,
1348 1897 1463 1937 facile
1479 1897 1676 1949 colligitur
1693 1911 1739 1937 ex
1755 1898 1983 1949 apocrypha
1999 1899 2065 1937 illa
2081 1899 2258 1948 epistola,

456 1966 558 2003 quae
579 1952 678 1991 inter
699 1959 907 2002 utramque
924 1959 1073 2002 partem
1095 1952 1221 2002 prima
1236 1964 1357 1991 manu
1380 1951 1610 2003 interposita
1625 1951 1766 2002 legitur
1781 1953 1870 1992 eod.
1890 1953 1955 1991 sol.
1982 1965 2067 2002 231.
2088 1953 2260 1999 Etenim,

456 2020 579 2057 quum
601 2007 815 2056 praefatam
837 2006 1044 2056 epistolam
1065 2005 1225 2045 missam
1247 2006 1319 2045 sibi
1341 2019 1363 2045 a
1383 2007 1586 2046 Salvatore
1606 2006 1819 2045 mentiatur
1842 2008 2017 2047 «Petrus
2051 2006 2261 2057 episcopus

455 2063 505 2101 de
526 2060 681 2099 civitate
709 2060 760 2098 N
752 2073 875 2099 trnaso
891 2070 925 2108 »,
956 2067 995 2099 et
1014 2059 1175 2099 aliunde
1195 2061 1394 2099 scribendi
1414 2061 1513 2099 ratio
1533 2060 1597 2100 vix
1615 2060 1839 2100 inferiorem
1868 2061 2027 2099 saeculo
2043 2059 2257 2100 undecimo

454 2114 730 2175 antiquitatem
751 2115 938 2162 redoleat,
954 2127 1034 2153 non
1054 2114 1153 2152 alius
1174 2114 1238 2152 hic
1252 2113 1491 2165 intelligatur
1505 2121 1672 2165 oportet,
1687 2122 1807 2165 atque
1821 2116 1959 2154 Petrus
1977 2113 2256 2164 Ermengaudi,

455 2170 524 2219 qui
560 2169 594 2207 N
600 2181 874 2207 emausensem
910 2167 1119 2208 ecclesiam
1153 2167 1249 2207 texit
1280 2180 1342 2207 an.
1380 2171 1494 2207 1080-
1502 2182 1614 2218 1090.
1649 2167 1903 2208 Duodecimo
1944 2167 2060 2223 igitur
2102 2169 2260 2207 saeculo

456 2223 617 2262 ineunte
643 2222 825 2261 codicem
847 2230 1047 2261 exaratum
1067 2222 1186 2261 fuisse
1207 2221 1399 2262 existimo.

514 2278 646 2323 Porro,
670 2277 776 2314 unde
797 2277 1011 2326 repetenda
1032 2275 1079 2314 sit
1100 2275 1221 2325 ipsius
1242 2276 1489 2315 collectionis
1510 2275 1631 2327 origo,
1654 2276 1762 2314 haud
1783 2275 1898 2315 facile
1918 2276 2157 2315 decernam:
2190 2274 2262 2314 etsi

455 2338 561 2370 tanta
578 2343 663 2369 esse
680 2331 832 2368 videtur
845 2330 964 2368 totius
980 2329 1109 2379 operis
1130 2337 1314 2377 vetustas,
1333 2338 1412 2368 tam
1431 2331 1527 2368 mira
1543 2342 1636 2369 cum
1650 2329 1770 2369 Libro
1788 2329 1955 2370 Comico
1968 2328 2259 2373 convenientia,
2280 2356 2282 2359 -

455 2392 496 2423 ut
518 2384 615 2422 nihil
641 2383 828 2433 equidem
859 2383 1120 2423 dubitaverim
1140 2383 1239 2422 illud
1259 2383 1481 2423 existimare
1507 2383 1650 2422 librum
1671 2396 1757 2423 esse
1777 2384 2026 2430 Sermonum,
2060 2395 2180 2433 quem
2211 2382 2261 2420 ab

459 2439 700 2478 Hildefonso
729 2437 922 2488 Julianus,
945 2446 1011 2476 aut
1038 2445 1143 2477 certe
1163 2437 1272 2476 illum
1304 2451 1423 2488 quem
1454 2438 1504 2477 ab
1525 2437 1611 2488 ipso
1631 2437 1793 2488 Juliano
1823 2436 1933 2477 Felix
1953 2436 2143 2487 scriptum
2174 2448 2258 2475 esse

459 2493 595 2532 asserit
613 2492 732 2543 (Patr.
756 2493 841 2530 Lat.
865 2498 890 2531 t.
916 2494 976 2541 96,
1000 2493 1074 2531 col.
1093 2505 1144 2539 44
1166 2498 1203 2530 et
1225 2491 1331 2543 450).

512 2549 744 2596 Utcumque
766 2554 898 2585 autem
919 2559 980 2585 res
1000 2559 1041 2584 se
1062 2546 1193 2593 habet,
1211 2545 1356 2584 nullius
1372 2546 1571 2596 scriptoris
1593 2545 1698 2585 dicta
1715 2544 1754 2583 in
1769 2557 1817 2584 eo
1833 2544 2012 2595 reperies,
2030 2543 2099 2594 qui
2115 2545 2262 2593 Grego-

457 2602 513 2640 rio
537 2601 741 2640 Isidorove
761 2600 956 2639 recentior
976 2600 1034 2638 sit.
1059 2602 1252 2650 Pleraque
1272 2613 1294 2638 a
1314 2600 1515 2650 gallicanis
1535 2600 1712 2639 fontibus
1733 2599 1831 2639 sexti
1851 2598 1998 2638 saeculi
2019 2605 2226 2636 manarunt
2250 2611 2258 2635 z

458 2657 579 2694 multa
602 2656 637 2693 S.
656 2655 863 2694 Caesarius
878 2653 1118 2693 Arelatensis
1139 2654 1416 2705 suppeditavit,
1442 2653 1666 2704 praesertim
1689 2667 1736 2693 ex
1756 2653 2004 2693 sermonibus
2028 2662 2047 2692 (<
2063 2653 2114 2691 de
2133 2650 2260 2702 quoti-

457 2710 625 2756 diano»,
649 2721 816 2758 quorum
839 2710 1052 2747 nonnullos
1075 2707 1208 2747 Fausti
1229 2721 1297 2747 seu
1320 2708 1498 2747 Faustini
1523 2707 1685 2747 nomine
1705 2720 1816 2746 more
1836 2720 1909 2746 suo
1935 2705 2140 2756 inscripsit.
2165 2705 2258 2754 Quo

457 2764 574 2803 etiam
596 2763 694 2801 illud
715 2771 876 2812 spectat,
906 2763 1014 2812 quod
1035 2764 1129 2800 alias
1150 2762 1230 2801 veri
1254 2762 1381 2801 simile
1401 2762 1545 2803 dixisse
1566 2775 1630 2801 me
1651 2761 1814 2801 memini
1835 2761 1983 2812 (Revue
2002 2760 2256 2806 anbdictine,

457 2827 480 2856 t.
506 2819 566 2855 IX
583 2815 737 2866 (1892),
760 2830 791 2865 p.
820 2828 865 2866 51
885 2817 959 2866 sq),
985 2816 1210 2855 Homiliarii
1227 2816 1396 2855 Silensis
1409 2816 1666 2867 compositori
1686 2823 1822 2854 notam
1839 2815 1959 2854 fuisse
1979 2813 2256 2853 collectionem

458 2873 562 2911 illam
601 2872 883 2908 Durlacensem
925 2884 993 2909 seu
1029 2869 1367 2918 Caroliruhanam,
1398 2883 1517 2921 quam
1555 2871 1701 2908 Fausto
1733 2869 1896 2909 Reiensi
1925 2881 2050 2919 nuper
2083 2866 2257 2906 attribuit

462 2924 782 2964 Vindobonensis
803 2924 931 2962 editor
951 2926 997 2962 A.
1023 2925 1297 2974 Engelbrecht.

514 2981 717 3017 Praeterea
734 2977 942 3028 Augustini
958 2991 1158 3016 sermones
1175 2979 1256 3016 duo
1270 2985 1385 3017 antea
1399 2977 1537 3017 inediti
1553 2978 1630 3017 hoc
1643 2977 1784 3017 codice
1800 2976 1939 3016 servati
1955 2983 2045 3015 sunt
2065 2990 2072 3013 z
2088 2986 2257 3024 quorum

456 3036 552 3072 alter
570 3043 590 3073 «
609 3034 659 3071 de
680 3031 785 3070 diem
807 3040 966 3070 sanctae
989 3032 1164 3070 Eolaliae
1179 3041 1213 3079 »‚
1237 3041 1259 3072 «
1275 3032 1326 3070 de
1346 3032 1578 3071 ascensione
1602 3030 1766 3070 Domini
1780 3032 1920 3073 »alter
1940 3028 2175 3068 inscribitur.

512 3086 665 3126 Omitto
685 3093 825 3133 cetera,
841 3085 985 3135 quibus
1007 3087 1104 3124 haec
1121 3085 1283 3124 Silensis
1305 3085 1571 3124 Homiliarum
1585 3084 1768 3125 collectio
1787 3098 1867 3123 non
1883 3085 2011 3122 solum
2029 3082 2117 3121 viris
2130 3093 2258 3120 rerum
2277 3132 2280 3134 .

459 3141 723 3191 liturgicarum
744 3139 942 3186 studiosis,
979 3141 1048 3178 sed
1069 3139 1116 3178 iis
1137 3152 1309 3189 quoque,
1347 3139 1415 3190 qui
1438 3142 1598 3178 Patrum
1621 3140 1851 3179 Latinorum
1886 3137 2052 3178 edendis
2073 3136 2258 3186 operibus

390 3204 400 3244 ’,
458 3195 708 3244 incumbunt,
731 3193 900 3236 maxime
925 3194 1239 3234 commendatur.
