2554 3658
529 358 585 403 14
1179 356 1233 388 IN
1272 356 1475 389 SANCTE·
1501 358 1677 391 MARIEJ

770 573 1121 626 LEGENDUM
1155 574 1217 626 IN
1251 547 1492 626 SANCTE
1525 571 1732 624 MARIE
1762 572 1847 624 AD
1881 538 2067 625 MISSA

591 707 824 747 LECTIO
860 707 1040 746 LIBRI
1082 707 1300 748 M1÷÷÷÷CE
1337 706 1772 755 PROPHETAE.‚
1809 702 1887 754 (IV
1918 706 2085 754 1-3,5-8‚
2117 706 2153 743 V
2182 704 2262 757 2-5)

593 827 705 875 Hec
731 827 850 874 dicit
874 826 1133 883 dominus„
1749 885 1753 889 .

594 911 650 958 In
689 910 972 958 nobissimis
1005 910 1194 957 dierum
1222 908 1313 956 erit
1339 912 1482 955 mons
1508 906 1686 954 domus
1712 905 1897 955 domini
1923 921 2242 972 praeparatus
2279 911 2327 958 in

457 1017 473 1051 5
521 996 705 1044 uertice
736 995 1006 1043 montium(
1050 980 1410 1043 etelebauitur
1442 1008 1592 1055 super
1615 990 1793 1039 colles<
1839 1004 1888 1040 et
1922 993 2074 1043 fluent
2113 996 2175 1044 ad
2214 1014 2327 1045 eum
2370 978 2372 981 Α

521 1078 687 1142 populi
709 1090 757 1126 et
778 1078 1111 1142 properabunt
1136 1088 1314 1142 gentes
1341 1075 1494 1124 multe
1519 1089 1568 1123 et
1593 1075 1788 1132 dicent,

595 1164 779 1211 Uenite
805 1174 854 1211 et
879 1162 1205 1210 ascendamus
1230 1159 1248 1227 ΙΙ
1286 1161 1346 1208 ad
1387 1171 1607 1208 montem
1644 1160 1830 1208 domini
1857 1172 1906 1209 et
1931 1162 1993 1209 ad
2019 1162 2221 1211 domum
2248 1165 2327 1213 dei

522 1249 691 1296 iacobs.
726 1259 775 1296 et
800 1247 998 1295 docebit
1020 1263 1110 1294 nos
1135 1246 1197 1293 de
1223 1245 1315 1292 uiis
1340 1245 1441 1293 suis
1458 1256 1507 1292 et
1527 1244 1888 1293 ambulauimus
1910 1246 1958 1293 in
1985 1249 2173 1296 semitis
2189 1250 2324 1307 eius„

523 1333 655 1395 Quia
679 1333 741 1380 de
768 1348 891 1395 syon
919 1331 1203 1395 egredietur
1227 1329 1335 1378 lexs.
1368 1341 1418 1378 et
1444 1330 1650 1377 uerbum
1677 1329 1862 1377 domini
1905 1331 1967 1379 de
1998 1331 2323 1391 iherusalem.,

459 1436 499 1460 10
592 1414 660 1462 Et
687 1414 922 1462 iudicauit
959 1414 1086 1461 inter
1110 1412 1320 1477 populos
1355 1411 1564 1460 multos?
1609 1424 1657 1461 et
1694 1413 1923 1476 corripiet
1959 1427 2138 1478 gentes
2175 1417 2327 1466 fortes

523 1516 679 1563 usque
721 1499 769 1546 in
806 1499 1164 1563 longinquum.,
1210 1497 1342 1559 Quia
1374 1497 1536 1544 omnis
1572 1496 1783 1560 populus
1822 1498 2146 1548 ambulabunt
2180 1519 2326 1550 unus-

467 1588 471 1589 ’
513 1585 736 1648 quisque
779 1584 827 1631 in
867 1584 1067 1631 nomine
1103 1582 1290 1630 domini
1333 1581 1412 1629 dei
1454 1581 1528 1628 sui
1556 1599 1645 1629 nos
1685 1588 1842 1630 autem
1881 1584 2240 1635 ambulauimus
2278 1588 2325 1635 in

525 1669 725 1717 nomine
750 1669 937 1717 domini
963 1669 1042 1717 dei
1070 1668 1251 1716 nostri<
1285 1667 1334 1714 in
1360 1675 1584 1715 eternum
1606 1679 1656 1715 et
1682 1662 1836 1725 ultrass,

595 1754 652 1801 In
694 1753 773 1801 illa
811 1753 892 1801 die
928 1753 1046 1800 dicit
1082 1753 1311 1800 dominus
1346 1769 1663 1818 congregauo
1697 1750 2083 1802 claudicantem(
2134 1766 2183 1802 et
2215 1772 2343 1803 eam-

460 1868 497 1903 15
523 1855 670 1901 quam
698 1838 939 1885 eieceram
960 1836 1187 1900 colligam
1215 1847 1263 1883 et
1289 1852 1437 1898 quam
1463 1835 1764 1892 afflixeram„
2078 1835 2080 1837 ’

592 1921 660 1968 Et
685 1938 867 1984 ponam
888 1919 1246 1968 claudicantem
1274 1920 1322 1967 in
1344 1919 1662 1983 reliquiascet
1679 1936 1787 1967 eam
1822 1920 1827 1985 Ι
1863 1934 1921 1982 53
1954 1919 1960 1986 Ι
1993 1937 2089 1984 que
2114 1920 2194 1968 lab
2219 1938 2324 1969 ora-

523 2005 690 2053 beram
718 2005 766 2052 in
791 2017 994 2070 gentem
1016 2005 1305 2060 robustam.,·

593 2089 660 2135 Et
685 2088 912 2152 regnabit
932 2088 1163 2135 dominus
1189 2104 1337 2151 super
1362 2104 1448 2135 eos
1480 2087 1527 2134 in
1554 2098 1773 2136 montem
1801 2101 1954 2151 syona
1988 2104 2050 2135 ex
2077 2087 2170 2135 hoc
2197 2103 2325 2135 nunc

522 2182 571 2219 et
597 2189 753 2235 usque
779 2172 827 2219 in
853 2183 1140 2228 aeternum,
2159 2154 2170 2159 α

455 2282 497 2306 20
594 2255 660 2303 Et
686 2267 737 2303 tu
763 2255 909 2304 turris
933 2255 1101 2320 gregis
1128 2255 1366 2304 nebulosa
1392 2256 1488 2303 filia
1525 2274 1650 2319 syon
1676 2273 1833 2320 usque
1858 2255 1920 2303 ad
1949 2266 1996 2303 te
2038 2255 2231 2304 ueniet<
2276 2267 2326 2304 et

522 2338 687 2386 ueniet
712 2351 935 2402 potestas
961 2340 1118 2402 prima
1140 2357 1347 2404 regnum
1374 2340 1471 2388 filie
1498 2340 1825 2397 iherusalem.,

590 2424 657 2470 Et
684 2434 734 2470 tu
761 2423 978 2472 bethlem
1006 2425 1183 2473 domus
1209 2427 1425 2474 eufrata<
1460 2427 1698 2489 numquid
1724 2424 1927 2489 parbula
1964 2442 2017 2473 es
2043 2425 2091 2471 in
2130 2424 2325 2473 milibus

520 2508 669 2555 iuda?
705 2508 785 2555 Ex
826 2521 874 2556 te
912 2509 1022 2556 mici
1057 2512 1359 2574 egredietur.
1411 2512 1492 2575 qui
1531 2512 1594 2559 sit
1632 2512 1912 2559 dominator
1949 2510 1997 2557 in
2037 2509 2228 2567 srahel„
2276 2521 2325 2557 et

519 2610 749 2658 egressus
776 2595 881 2642 eius
907 2596 968 2642 ab
995 2596 1162 2643 initio(
1196 2613 1224 2643 a
1248 2596 1423 2643 diebus
1447 2596 1785 2652 aeternitatis„
1947 2592 1951 2596 ¹

451 2701 491 2735 25
590 2679 797 2741 Propter
823 2677 915 2725 hoc
942 2679 1077 2726 dauit
1094 2697 1180 2727 eos
1208 2697 1363 2743 usque
1388 2680 1450 2726 ad
1469 2691 1691 2742 tempusa
1726 2679 1773 2726 in
1793 2678 1926 2742 quod
1946 2677 2222 2740 parturiens
2240 2695 2326 2741 pa⁴

518 2762 908 2825 riet.,Reliquiae
926 2763 1127 2811 fratrum
1146 2761 1702 2829 eiusconuertenturssad
1720 2762 1844 2810 filios
1862 2761 2022 2809 srahel
2041 2774 2089 2809 et
2109 2762 2256 2809 stauit
2274 2774 2322 2810 et

517 2859 689 2910 pascet
707 2848 754 2893 in
776 2847 1061 2895 fortitudine
1081 2847 1304 2894 domini·A
1319 2847 1366 2893 in
1386 2846 1681 2894 sublimitate
1699 2838 1910 2894 nominis
1927 2845 2113 2892 domini
2133 2844 2212 2892 dei
2230 2844 2317 2893 sui.

628 2983 678 3000 nos
690 2973 946 3000 amambulauimus
958 2983 1030 3000 corr.
1046 2974 1127 3000 inter
1137 2974 1188 3000 lin.
1261 2982 1292 3006 27
1305 2972 1478 2999 sublimitate
1491 2973 1509 2999 b
1521 2983 1574 3000 om.
1590 2974 1622 3000 in
1634 2976 1703 3000 actu
1712 2973 1876 3006 scriptionis

564 3084 576 3106 1
604 3076 641 3106 z'n
663 3079 774 3106 sancte
803 3075 931 3114 Marz‘e]
955 3076 1050 3107 Haec
1080 3086 1146 3106 una
1173 3076 1309 3107 omnino
1337 3080 1385 3107 est
1452 3075 1528 3106 dem
1545 3074 1620 3115 656,
1640 3078 1675 3105 ut
1692 3073 1751 3106 'die
1779 3074 1843 3105 XV
1860 3073 2079 3105 kalendarum
2094 3074 2320 3116 januariarum

515 3130 548 3161 in
565 3130 680 3162 codice
696 3135 810 3168 nostro
837 3131 873 3162 Β.
895 3130 1023 3162 Mariae
1045 3129 1175 3172 Virgini
1204 3130 1314 3162 dicata
1338 3130 1383 3162 se·
1451 3128 1608 3161 solemnis
1635 3129 1678 3160 ab
1707 3128 1862 3160 omnibus
1892 3128 2081 3167 haberetur,
2116 3128 2149 3160 in
2177 3129 2319 3162 concilio

514 3184 654 3217 stivitas.
668 3185 762 3226 Quae
778 3196 851 3217 cum
869 3185 903 3216 in
920 3184 1018 3216 variis
1033 3184 1218 3226 Hispaniae
1235 3183 1384 3226 partibus
1451 3183 1616 3215 Toletano
1634 3183 1678 3222 X,
1697 3193 1714 3214 c
1735 3191 1747 3214 1
1775 3187 1934 3215 statutum
1952 3187 2011 3215 est.

514 3249 582 3275 non
598 3250 664 3271 uno
680 3239 734 3275 die
750 3239 916 3272 celebrata
942 3238 1031 3286 prius
1049 3238 1174 3278 suisset,
1193 3249 1282 3270 anno
1310 3243 1381 3270 tan-
