2554 3658
463 343 562 388 424
1071 341 1324 375 HOMILIAE
1360 339 1675 374 TOLETANAE.

465 456 649 498 latronis
749 456 844 498 Nos
862 447 1030 512 autem,
1053 455 1220 506 fratres,
1243 452 1399 496 eadem
1433 467 1546 508 quae
1568 452 1765 495 diximus
1788 465 1888 494 cum
1911 453 2079 507 gemitu
2103 456 2272 506 repeta-
2330 454 2334 461 “

416 574 419 576 v
470 538 579 576 mus,
606 527 862 564 Memento
882 526 979 563 mei
1001 525 1221 567 domine,
2269 519 2271 523 '

522 638 662 676 Sermo
682 638 852 688 append.
876 639 1042 687 August.
1071 638 1143 687 156
1167 635 1303 686 paucis
1338 634 1378 673 in
1413 634 1608 686 principio
1643 634 1818 675 versibus
1851 615 2020 675 mutatis.
2059 635 2216 676 Confer·
2229 647 2275 674 ea

468 705 571 742 quae
591 691 672 731 dixi
694 691 874 742 superius
896 692 946 731 ad
968 692 1031 730 fol.
1059 692 1127 740 63v
1148 690 1265 728 huius
1287 688 1449 728 codicis.

525 812 551 855 f.
575 824 660 866 270
683 815 811 852 Item
832 813 987 851 alium
1010 811 1248 849 eiusdem.
1269 808 1560 851 Ascensionis
1576 809 1827 851 dominicae
1850 808 2137 852 festiuitatem
2164 842 2270 852 ......

467 883 508 923 in
533 882 674 936 gloria
696 888 761 923 est
781 882 850 922 dei
874 881 1022 934 patris.
1042 880 1107 921 Ut
1130 880 1186 920 sit
1206 892 1368 920 nornen
1391 877 1561 919 domini
1585 878 1882 929 benedictum,
1903 885 1984 921 etc.

525 1004 553 1046 f.
577 1014 679 1056 272V
703 1005 830 1041 Item
853 1003 1007 1040 alium
1029 1002 1091 1039 de
1114 1011 1214 1049 quo
1235 1010 1397 1048 supra.
1423 1001 1672 1052 Karissimi‚
1689 1002 1822 1043 deum
1846 1001 2048 1056 spiritum
2071 1008 2274 1044 sanctum

475 1107 578 1116 ......
604 1080 817 1128 perpetua
839 1072 981 1126 gratia
1004 1070 1263 1112 sanctitatis.
1290 1069 1355 1112 Ut
1377 1070 1434 1112 sit
1471 1084 1634 1112 nomen
1669 1071 1840 1113 domini
1875 1069 2173 1122 benedictum,
2194 1078 2275 1113 etc.

526 1200 549 1242 f.
575 1211 656 1253 273
683 1202 809 1240 Item
833 1199 988 1237 alium
1020 1200 1083 1237 de
1104 1206 1204 1246 quo
1225 1205 1389 1244 supra.
1430 1197 1481 1237 In
1506 1196 1645 1237 sancti
1681 1196 1763 1238 hac
1797 1196 2041 1266 beatissimi
2070 1196 2275 1238 iohannis

467 1270 659 1311 babtiste
682 1268 886 1310 laudibus
913 1299 1018 1309 ......
1044 1266 1252 1321 gentibus
1275 1265 1506 1307 dominum
1537 1265 1870 1319 praedicaberit.

525 1384 634 1422 Inter
652 1394 852 1421 sermones
875 1379 1041 1419 Maximi
1057 1379 1315 1419 Taurinensis
1337 1377 1505 1429 legitur
1496 1391 1536 1416 1n
1553 1378 1712 1418 duobus
1733 1379 1907 1430 optimae
1928 1386 2046 1419 notae
2065 1379 2274 1432 codicibus

472 1436 691 1476 Veronensi
713 1443 750 1475 et
772 1434 1001 1474 Sessoriano
1023 1433 1272 1483 (Reiffersch.
1298 1434 1330 1480 I,
1357 1446 1441 1482 119,
1467 1433 1522 1480 ΙΙ,
1547 1432 1625 1484 55).
1650 1434 1771 1474 Unde
1792 1432 1922 1473 mirari
1942 1433 2058 1483 subit,
2081 1447 2149 1473 cur
2164 1433 2274 1474 illum

474 1491 595 1530 Bruni
625 1491 664 1529 in
686 1486 952 1540 appendicem
974 1488 1150 1528 reiecerit
1174 1488 1248 1538 (M.
1275 1499 1335 1537 57,
1360 1485 1466 1538 863).

530 1612 555 1653 f.
580 1621 632 1663 27
643 1617 683 1663 5V
708 1612 837 1650 Item
867 1610 1021 1647 alium
1052 1609 1113 1646 de
1144 1616 1244 1656 quo
1274 1616 1438 1657 supra.
1464 1607 1589 1650 Beati
1623 1609 1824 1651 iohannis
1848 1610 2005 1652 merita
2030 1641 2135 1651 ......
2161 1609 2278 1655 unde

474 1682 625 1736 inquid
651 1680 741 1722 scio
770 1679 776 1735 Ι

531 1790 701 1841 Reliqua
722 1791 865 1830 desunt
883 1805 893 1839 3
914 1797 1024 1829 vacat
1045 1789 1211 1830 dimidia
1241 1804 1329 1841 pars
1360 1772 1527 1843 paginae
1552 1792 1659 1840 276V,
1681 1797 1719 1830 et
1739 1797 1823 1830 tota
1844 1788 1988 1840 pagina
2012 1796 2112 1839 277¹.

534 1912 557 1953 f.
582 1917 684 1965 277V
707 1913 881 1951 Sermo
912 1912 963 1948 in
993 1911 1127 1950 diem
1159 1914 1486 1961 apparitionis
1516 1912 1720 1950 domini.
1762 1911 1894 1952 Diem
1932 1911 2026 1960 iste,
2059 1909 2278 1952 karissimi

479 1982 644 2033 fratres,
667 1981 918 2036 epiphaniae
945 2013 1049 2021 ......
1077 1981 1323 2023 misericors
1347 1982 1496 2024 iubeat
1518 1983 1740 2023 ceronare.
1759 1979 1848 2034 Qui
1872 1979 1995 2030 uiuit,
2021 1985 2101 2022 etc.

528 2093 715 2134 Ultimus
725 2100 783 2132 est
813 2106 860 2131 ex
880 2092 925 2131 iis
947 2093 1208 2142 sermonibus,
1230 2094 1298 2144 qui
1327 2095 1446 2134 etiam
1481 2094 1521 2133 in
1543 2093 1695 2134 Codice
1730 2092 1867 2132 Addit.
1905 2094 2036 2142 30844
2071 2092 2276 2132 habentur.

475 2149 557 2188 Sub
579 2149 698 2187 finem
720 2147 865 2186 inserta
887 2155 944 2186 est
965 2148 1134 2186 formula
1157 2149 1207 2187 ad
1229 2148 1489 2188 indicendum
1520 2151 1663 2188 festum
1687 2147 1900 2201 Paschatis,
1923 2148 1975 2187 de
1996 2160 2074 2198 qua
2095 2160 2212 2198 supra
2227 2148 2276 2186 ad

478 2205 540 2242 fol
560 2205 620 2241 28.
646 2212 667 2242 «
686 2203 805 2240 Nunc
826 2201 953 2252 igitur,
971 2201 1229 2241 dilectissimi
1238 2204 1383 2251 fratres,
1407 2203 1473 2254 qui
1493 2202 1671 2242 adfuistis
1692 2198 1884 2241 aeclesiae
1904 2201 1981 2249 dei,
2003 2200 2109 2241 diem
2131 2200 2280 2262 appari-

478 2268 499 2298 «
520 2257 637 2295 tionis
658 2256 809 2295 domini
834 2256 955 2295 nostri
983 2255 1094 2295 ihesu
1115 2256 1179 2306 xpi
1205 2270 1419 2317 agnoscere
1441 2256 1648 2305 meruistis,
1670 2256 1778 2295 diem
1797 2269 1959 2306 quoque
1981 2255 2173 2316 passionis
2194 2255 2277 2295 eius

480 2312 608 2361 «ipso
643 2311 803 2349 iubante
833 2310 1071 2360 cognoscite.
1110 2311 1192 2349 Erit
1213 2311 1330 2361 igitur
1361 2326 1467 2351 anno
1497 2310 1668 2362 presenti
1702 2310 1776 2349 sub
1797 2323 1862 2350 era
1895 2310 1946 2349 ill.
1983 2309 2139 2349 initium
2161 2310 2277 2349 beate

479 2376 499 2406 «
521 2364 822 2415 quadragesime
842 2364 907 2403 die
927 2363 995 2403 illo
1016 2365 1110 2403 luna
1130 2364 1179 2403 ill.
1205 2366 1316 2406 Cena
1337 2379 1431 2405 uero
1449 2365 1603 2405 domini
1633 2365 1753 2404 nostri
1775 2364 1887 2404 ihesu
1912 2364 1977 2415 xpi
1997 2363 2063 2404 die
2083 2365 2160 2403 illo.
2183 2365 2278 2403 luna
2312 2380 2315 2384 ¹

479 2430 498 2460 «
521 2420 597 2459 illa.
624 2418 758 2458 Passio
774 2431 935 2469 quoque
955 2418 1078 2469 ipsius
1098 2419 1252 2459 domini
1273 2420 1395 2459 nostri
1415 2420 1527 2460 ihesu
1548 2420 1612 2471 xpi
1636 2420 1702 2460 die
1722 2419 1802 2458 illo.
1825 2417 2077 2459 Resurrectio
2098 2418 2277 2459 eiusdem

481 2484 502 2515 (<
523 2473 676 2513 domini
707 2473 831 2512 nostri
853 2472 964 2511 ihesu
994 2472 1059 2523 xpi
1080 2472 1145 2512 die
1175 2473 1243 2513 illo
1272 2475 1377 2514 luna.
1409 2475 1485 2515 illa.
1518 2475 1677 2515 Idcirco
1706 2480 1812 2513 ortor
1832 2486 1904 2513 uos
1926 2483 1947 2514 )>
1970 2480 2047 2514 etc.

537 2595 562 2637 f.
587 2597 663 2636 281
695 2596 821 2633 Item
843 2602 1006 2634 sermo
1035 2595 1098 2632 de
1128 2603 1279 2633 caena
1308 2596 1514 2634 domini.
1538 2596 1787 2646 Karissimi‚
1809 2596 2081 2650 prospiciens
2110 2609 2167 2637 ex
2190 2595 2281 2638 alto

479 2666 588 2707 deus
614 2697 717 2705 ......
744 2665 798 2705 sit
821 2664 901 2705 tibi
925 2663 1248 2706 manifestus'in
1272 2666 1423 2720 gloria.
1447 2665 1528 2709 Cui
1552 2673 1618 2708 est
1639 2666 1790 2710 honor.

533 2777 763 2836 Exscriptus
793 2788 840 2815 ex
879 2776 1043 2815 homilia
1074 2789 1094 2827 5
1127 2779 1300 2818 Pseudo
1307 2778 1469 2818 Eusebii
1498 2779 1549 2819 de
1581 2780 1744 2828 Pascha,
1776 2791 1878 2830 quae
1907 2779 2044 2831 incipit
2075 2789 2098 2822 «
2129 2778 2282 2831 Magni-

475 2833 574 2871 tudo
602 2829 831 2899 caelestium
862 2831 1216 2873 beneficiorum.»

518 2953 562 3000 ⁴f.
586 2955 688 2993 282
725 2954 899 2991 Sermo
939 2954 1095 2992 sancti
1127 2955 1355 2999 Agustini
1385 2955 1446 2992 de
1482 2955 1688 2992 decimis
1721 2955 1990 2993 reddendis
2014 2955 2282 3001 legendum

478 3022 731 3062 dominico
762 3024 876 3058 ante
897 3022 1030 3059 diem
1053 3023 1208 3060 sancti
1240 3023 1481 3061 iohannis.
1507 3024 1704 3078 Propitio
1736 3038 1839 3078 xpo,
1871 3023 2026 3066 fratres
2063 3023 2283 3065 karissimi

614 3089 889 3145 peruenietis.
915 3097 1129 3143 regnante
1152 3092 1348 3143 domino,
1370 3098 1448 3134 etc.

532 3202 636 3242 Vide
666 3214 784 3252 supra
813 3202 864 3242 ad
894 3201 915 3239 f.
951 3207 1030 3250 99¹*⁸
