2554 3658
483 330 570 374 192
1141 332 1194 363 IN
1232 332 1427 365 UIGILIA
1464 334 1626 366 PASCE.

475 445 724 508 pertinent
750 457 799 493 et
825 445 1155 506 obserbabitis
1180 446 1366 501 azima„
1392 446 1448 493 In
1467 446 1639 493 eadem
1659 445 1789 493 enim
1818 445 1923 508 ipsa
1949 445 2060 494 diae
2079 446 2284 493 educam

475 529 745 576 exercitum
775 542 994 577 uestrum
1021 516 1084 577 de
1110 542 1238 576 terra
1265 529 1463 593 egypti<
1497 541 1545 576 et
1571 528 1860 576 custodietis
1885 529 2016 577 diem
2061 530 2206 577 istum
2236 530 2281 577 in

473 613 823 677 generationes
849 625 1068 661 uestras(
1103 613 1196 661 ritu
1222 625 1492 676 perpetuo,

546 697 714 744 PRIMO
741 713 911 744 MENSE
937 735 946 744 .
975 708 1148 760 quarta
1173 697 1365 744 decima
1390 697 1501 744 diae
1526 697 1711 744 mensis
1747 697 1809 743 ad
1852 712 2086 760 uespera<
2124 714 2283 745 come-

431 798 448 832 5
474 781 602 828 detis
628 781 783 827 azima
804 797 959 842 usque
979 780 1040 827 ad
1067 780 1195 827 diem
1224 779 1509 827 uicesimam
1537 817 1546 828 .
1575 780 1780 843 primam
1809 818 1818 828 .
1854 779 1859 845 Ι
1896 771 1988 841 277μ
2022 779 2027 846 Ι
2061 781 2283 829 eiusdem

475 865 659 912 mensis
684 865 745 912 ad
772 880 1062 927 uesperam.,

543 949 747 1012 Septem
791 948 994 995 diebus<
1044 947 1391 1020 fermentatum
1420 964 1518 995 non
1559 948 1837 997 inuenietur
1875 988 1883 997 .
1927 950 1975 997 in
2019 949 2279 999 domibus..

476 1033 681 1088 uestris„
729 1032 828 1093 Qui
871 1049 1123 1094 quumque
1164 1032 1436 1080 comederit
1479 1032 1856 1091 fermentatums.
1905 1034 2083 1096 periuit
2120 1034 2284 1081 anima

475 1117 579 1164 eius
604 1117 666 1164 de
691 1129 801 1164 cetu
827 1115 987 1163 srahel
1015 1129 1113 1163 tam
1141 1116 1203 1163 de
1228 1116 1434 1164 aduenis
1459 1103 1607 1179 quam
1633 1117 1697 1165 de
1717 1117 1963 1182 indigenis
1990 1129 2178 1172 terrae„

412 1219 451 1242 10
544 1201 710 1249 Omne
749 1200 1097 1248 fermentatum
1138 1216 1236 1247 non
1277 1200 1549 1249 comedetis
1592 1201 1640 1248 in
1665 1203 1853 1250 cunctis
1887 1201 2177 1250 habitaculis
2202 1219 2283 1250 ue·

476 1286 615 1332 stris?
640 1285 798 1333 edetis
824 1284 1010 1340 azima„

547 1370 785 1418 UOCAUIT
827 1384 999 1417 AUTEM
1047 1384 1238 1417 MOYSES
1278 1386 1453 1417 omnes
1495 1369 1714 1417 seniores
1751 1368 1961 1422 filiorum
2000 1369 2189 1417 srahel<
2235 1383 2284 1418 et

475 1455 599 1501 dixit
625 1454 686 1500 ad
712 1470 829 1507 eos.,
863 1453 938 1500 Ite
965 1452 1194 1500 tollentes
1220 1453 1399 1500 animal
1427 1492 1434 1501 .
1465 1471 1553 1516 per
1587 1453 1792 1501 familias
1833 1466 2051 1502 uestras(
2085 1453 2284 1501 imolate

476 1538 579 1586 fase
605 1537 989 1600 fasciculumque
1028 1537 1170 1600 ysopi
1196 1537 1407 1601 tinguite
1445 1532 1689 1602 sanguine
1723 1556 1813 1602 que
1834 1545 1904 1586 est
1940 1539 1992 1586 ἐκ
2017 1538 2212 1586 limine?
2236 1549 2286 1586 et

415 1637 450 1671 Ι5
476 1622 761 1686 adspargite
799 1639 860 1669 ex
904 1639 964 1669 eo
1012 1638 1160 1685 super
1207 1621 1431 1670 liminare
1469 1634 1519 1670 et
1567 1635 1830 1685 utrumque
1872 1634 2045 1685 poste„
2106 1620 2287 1669 Nullus

477 1712 695 1754 uestrum
720 1704 1004 1769 egredietur
1028 1706 1209 1753 ostium
1245 1707 1415 1754 domus
1437 1723 1553 1753 suae
1586 1722 1742 1768 usque
1767 1705 1829 1752 ad
1856 1718 2029 1752 mane<
2063 1704 2288 1752 transiuit

477 1790 608 1837 enim
635 1790 864 1837 dominus
880 1790 1170 1852 percutiens
1195 1790 1454 1854 egyptios,
1487 1790 1755 1852 Quumque
1782 1789 1961 1836 uiderit
1991 1788 2285 1853 sanguinem

478 1875 526 1921 in
551 1873 910 1937 superliminari
956 1887 1005 1922 et
1046 1887 1253 1938 utroque
1279 1887 1450 1938 postes.
1482 1871 1500 1940 ΙΙ
1524 1873 1842 1921 transcendet
1866 1885 2060 1921 osteum
2078 1885 2150 1922 ‘et
2187 1890 2285 1928 non

475 1958 590 2005 sinit
616 1975 957 2021 percussorem
983 1958 1173 2023 ingredi
1201 1959 1378 2006 domus
1403 1970 1594 2006 uestras
1620 1969 1669 2006 et
1694 1985 1745 2008 Η
1771 1957 1967 2014 ledere,

411 2059 452 2082 20
544 2042 773 2090 CUSTom
802 2058 1011 2090 UERBUM
1039 2058 1186 2091 1sTUT
1212 2042 1487 2107 legitimum
1523 2041 1609 2089 tibi
1648 2053 1695 2089 et
1730 2040 1840 2089 filiis
1878 2041 2001 2089 tuisf.
2045 2058 2199 2104 usque
2236 2041 2285 2088 in

474 2138 760 2182 aeternum,
814 2126 1083 2190 Quumque
1126 2127 1409 2175 introieritis
1459 2139 1636 2174 terram
1688 2122 1835 2189 quam
1884 2125 2114 2173 dominus
2162 2125 2285 2172 deus

473 2210 676 2269 daturus
704 2222 777 2257 est
804 2210 945 2258 uobis
973 2222 1023 2258 ut
1051 2210 1296 2274 pollicitus
1317 2224 1420 2259 esta
1453 2209 1783 2258 obserbabitis
1809 2209 2103 2257 cerimonias
2129 2208 2278 2264 istas,

545 2293 611 2340 Et
654 2309 805 2355 quum
849 2293 1117 2345 distxerint
1160 2294 1302 2342 uobis
1346 2294 1429 2342 filii
1473 2294 1652 2343 uestri<
1702 2310 1800 2356 que
1824 2306 1899 2341 est
1942 2293 2034 2340 ista
2077 2291 2278 2359 religio<

473 2376 646 2424 dicetis
672 2377 773 2433 eis.‚
809 2377 1027 2425 Uictima
1067 2378 1301 2426 transitus
1326 2379 1512 2426 domini
1556 2390 1659 2426 estc
1708 2377 1909 2440 quando
1934 2377 2160 2425 transiuit
2197 2392 2287 2439 per

407 2477 446 2510 25
472 2460 648 2507 domos
690 2453 899 2508 filiorum
938 2461 1098 2510 srahel
1135 2462 1183 2509 in
1217 2475 1403 2527 egypto
1441 2462 1721 2526 percutiens
1764 2460 1993 2525 egyptios
2028 2472 2077 2508 et
2107 2460 2285 2507 domos

471 2550 661 2592 nostras
686 2543 928 2601 liuerans.‚

542 2628 975 2685 INCURBATUSQUE
1018 2645 1273 2678 POPULUSA
1322 2630 1547 2678 adorauit
1588 2629 1818 2677 domino?
1849 2640 1898 2676 et
1942 2628 2099 2691 moysi
2134 2627 2282 2676 serbo

471 2712 606 2766 eius,

540 2794 607 2841 Et
633 2795 820 2858 egressi
846 2795 930 2843 filii
957 2795 1145 2844 srahela
1179 2796 1399 2845 fecerunt
1425 2797 1550 2845 sicut
1566 2807 1854 2860 preceperat
1871 2795 2101 2843 dominus
2119 2795 2278 2858 moysi

402 2896 444 2928 30
468 2890 518 2926 et
542 2894 724 2934 aaron„
1242 2943 1245 2947 Α
1964 2942 1966 2944 ¹

536 2962 743 3009 Factum
786 2974 862 3010 est
904 2974 1068 3010 autem
1096 2963 1143 3010 in
1171 2964 1329 3012 noctis
1371 2964 1563 3012 mediof.
1596 2963 1837 3028 percussit
1861 2962 2091 3010 dominus
2125 2979 2274 3010 omne

471 3044 477 3108 Ι
513 3047 605 3106 278
640 3043 646 3109 Ι
677 3045 1060 3109 primogenitum
1088 3046 1135 3092 in
1163 3058 1292 3094 terra
1316 3047 1517 3111 egypti.,

566 3177 595 3200 ¹4
608 3176 662 3200 que
675 3182 702 3186 ——
718 3165 815 3192 limine
827 3166 895 3193 add.
910 3175 1004 3199 marg.
1077 3168 1107 3192 16
1122 3172 1246 3193 uestrum
1259 3168 1289 3193 in
1303 3176 1413 3193 rasura
1482 3168 1583 3195 domus
1601 3177 1669 3194 suae
1688 3169 1853 3201 suppletum
1872 3177 1964 3194 manu
1983 3169 2090 3195 seriori
2156 3178 2187 3202 23
2199 3168 2268 3196 dile—

530 3219 622 3245 xerint
634 3226 649 3244 1
663 3226 754 3243 manu
823 3218 855 3242 26
868 3222 977 3243 nostras
989 3226 1062 3243 corr.
1069 3219 1115 3243 'ex
1127 3223 1237 3244 uestros
