2554 3658
505 356 599 413 308
1008 369 1064 400 IN
1102 367 1524 404 RESTAURATIONE
1561 369 1815 403 BASELICE.

507 483 650 531 brum
676 496 816 532 erant
840 497 890 531 et
915 483 1145 530 lucebant
1163 483 1209 529 in
1239 482 1509 544 templum.,
1533 483 1601 529 Et
1620 493 1893 545 posuerunt
1918 498 2066 545 super
2091 497 2314 529 mensam

510 584 664 631 panes
702 579 751 615 et
790 567 1134 630 adpenderunt
1178 565 1313 612 uela(
1360 577 1410 612 et
1452 577 1922 614 consummauerunt
1963 564 2130 613 omnia
2167 579 2318 627 opera

511 668 638 715 quae
658 651 909 706 fecerunt„
942 650 1010 697 Et
1027 661 1143 697 ante
1171 649 1467 696 matutinum
1485 647 1805 697 surrexerunt
1822 649 1995 713 quinta
2019 659 2069 696 et
2087 646 2322 695 uicesima

514 735 696 783 mensis
716 734 907 782 casleus.
934 732 1190 780 centesimi
1211 732 1577 796 quadragesimi
1598 733 1759 781 octabi
1780 733 1933 785 anni..-
1952 732 2021 780 Et
2039 730 2323 780 obtulerunt
2355 741 2357 743 ’

472 831 490 866 5
515 818 804 866 sacrificium
831 817 1103 865 secundum
1139 815 1301 880 legem
1336 833 1484 878 super
1520 816 1674 867 altare
1700 816 2099 873 holocaustorum
2138 814 2323 863 nobum

489 947 491 949 .
516 903 648 967 quod
692 903 909 950 fecerant
952 899 1226 948 secundum
1268 910 1492 962 tempuss.
1542 911 1592 948 et
1633 900 1906 948 secundum
1936 900 2088 958 ‘diem
2129 899 2175 946 in
2225 915 2324 963 quo

518 987 978 1034 contaminauerunt
1005 983 1108 1031 illut
1133 994 1339 1046 gentess.
1373 983 1420 1029 in
1449 983 1556 1046 ipsa
1582 996 1874 1038 renouatum
1900 995 1976 1033 est
2013 984 2062 1031 in
2087 972 2319 1031 canticis<

519 1083 568 1119 et
605 1070 830 1118 citharis<
885 1081 934 1117 et
982 1068 1190 1116 cinaris<
1246 1079 1295 1115 et
1338 1067 1589 1115 cimbalis(
1645 1080 1693 1116 et
1741 1069 1917 1117 cecidit
1956 1070 1962 1134 Ι
1993 1072 2088 1129 406
2123 1066 2129 1132 Ι
2165 1066 2326 1114 omnis

520 1154 730 1218 populus
757 1166 805 1202 et
832 1153 1163 1201 adorauerunt
1205 1164 1255 1200 et
1294 1153 1658 1201 benedixerunt
1691 1153 1739 1201 in
1782 1152 1973 1202 caelum
1999 1152 2082 1216 qui
2126 1167 2346 1214 prospe-x

458 1257 497 1280 10
522 1238 646 1285 rauit
671 1238 741 1286 eis
769 1277 777 1285 .
806 1249 855 1285 et
881 1237 1104 1285 fecerunt
1129 1236 1493 1284 dedicationem
1519 1236 1696 1291 altaris,
1714 1237 1888 1291 diebus
1914 1248 2058 1292 octo.,

591 1323 658 1369 Et
684 1320 969 1370 obtulerunt
995 1320 1284 1369 holocausta
1309 1337 1420 1368 cum
1442 1320 1629 1370 laetitia
1655 1321 1887 1369 salutaria
1912 1319 2100 1368 laudis<
2125 1330 2175 1366 et
2191 1333 2332 1366 orna-

521 1420 698 1456 uerunt
724 1407 896 1455 faciem
938 1404 1107 1468 templi
1135 1405 1330 1452 coronis
1357 1406 1517 1454 aureis
1544 1417 1593 1454 et
1618 1405 1849 1454 scutulis<
1883 1416 1933 1453 et
1975 1403 2332 1452 dedicauerunt

521 1504 688 1556 portas
715 1503 763 1539 et
784 1491 1054 1555 pastoforia
1079 1500 1128 1537 et
1150 1490 1475 1552 inposuerunt
1493 1490 1564 1538 eis
1584 1490 1755 1537 ianuas
1769 1505 1784 1534 4
1810 1502 1860 1537 et
1877 1490 2005 1547 facta
2022 1500 2099 1537 est
2118 1487 2304 1535 laetitia
2322 1523 2343 1538 ..

523 1576 569 1624 in
596 1575 780 1640 populo
807 1592 989 1639 magna
1015 1573 1190 1630 ualde,
1214 1591 1359 1622 amen

461 1755 496 1791 ¹5
555 1743 864 1782 EPISTOLA
888 1743 1081 1782 PAULI
1114 1739 1458 1781 APOSTOLU
1486 1741 1573 1779 AD
1605 1740 1958 1781 CORINTIOS
1990 1737 2339 1787 SECUNDAW

885 1824 947 1875 (II
979 1825 1068 1864 Cor.
1102 1825 1138 1861 V
1173 1837 1259 1872 1-23
1289 1822 1434 1872 Ephes.
1469 1823 1535 1860 III
1573 1834 1699 1871 14-17‚
1732 1823 1792 1860 IV
1825 1820 1964 1874 23-24)
2060 1810 2062 1812 ,

593 1969 964 2018 FRATRESJ.
1023 1968 1217 2017 Scimus
1265 1967 1499 2030 quoniam
1549 1968 1588 2014 si
1638 1966 1884 2015 terrestris
1933 1965 2111 2014 domus
2160 1966 2328 2012 nostra

524 2054 665 2101 huius
706 2052 1024 2100 habitationis
1066 2049 1394 2099 dissolbaturs
1442 2049 1577 2114 quod
1602 2049 1966 2098 edificationem
2009 2048 2073 2096 ex
2114 2046 2224 2094 deo
2250 2046 2335 2093 h-a

523 2138 697 2185 bemus
735 2135 936 2185 domurn
982 2153 1079 2184 non
1125 2135 1454 2183 manufactam
1499 2146 1753 2183 aeternam
1795 2135 1842 2181 in
1875 2115 2066 2200 caelis„
2113 2131 2247 2177 Nam
2285 2141 2335 2178 et

457 2247 499 2269 20
523 2221 604 2284 qui
630 2218 648 2286 ΙΙ
672 2237 840 2267 sumus
868 2220 915 2267 in
943 2217 1287 2267 tauernaculos
1338 2218 1385 2264 in
1431 2218 1524 2266 hoc
1546 2217 1957 2285 ingemescimus
1975 2200 2333 2297 habitationem

525 2315 743 2351 nostram
771 2320 897 2366 quae
924 2303 986 2350 de
1012 2301 1149 2350 caelo
1176 2313 1251 2349 est
1277 2301 1565 2364 superindui
1591 2301 1879 2367 cupientes,

595 2387 759 2435 Huius
781 2387 847 2435 rei
867 2387 1027 2451 gratia
1044 2386 1190 2433 flecto
1210 2401 1375 2449 genua
1392 2402 1503 2432 mea
1519 2385 1581 2432 ad
1603 2382 1793 2448 patrem
1811 2366 1998 2431 domini
2019 2365 2173 2428 nostri
2191 2378 2331 2455 ihesu

523 2476 642 2540 xp1
672 2488 734 2518 ex
776 2487 876 2534 quo
901 2470 1062 2517 omnis
1088 2469 1360 2533 paternitas
1403 2470 1450 2516 in
1492 2468 1638 2536 caelis
1681 2479 1746 2536 et
1770 2468 1818 2515 in
1846 2479 1979 2515 terra
2021 2450 2332 2520 nominatur„

596 2556 667 2604 Ut
684 2556 767 2603 det
787 2556 926 2603 uobis
947 2555 1218 2602 secundum
1239 2553 1437 2601 diuitias
1453 2553 1641 2618 gloriae
1657 2569 1776 2600 suae
1793 2551 1974 2598 uirtute
1990 2546 2325 2596 corroborari<

460 2664 500 2698 25
525 2657 613 2704 per
637 2640 860 2703 spiritum
905 2640 1009 2687 eius
1052 2640 1099 2686 in
1128 2638 1345 2686 interiori
1388 2637 1639 2686 hominem
1666 2636 1889 2702 habitare
1914 2650 2032 2697 xpm
2058 2649 2147 2696 per
2182 2631 2329 2679 fidem

526 2726 573 2772 in
600 2724 829 2772 cordibus
874 2725 1077 2772 uestris!
1111 2724 1158 2770 in
1180 2723 1388 2770 karitate
1416 2721 1616 2769 radicati
1642 2718 1691 2768 et
1728 2717 1948 2773 fundati,
1999 2702 2331 2763 Renobamini

527 2809 675 2873 igitur
693 2809 917 2871 spiritum
936 2807 1116 2855 mentis
1136 2818 1359 2854 uestraes.
1388 2818 1437 2853 et
1458 2802 1646 2851 induite
1666 2783 1850 2867 nobum
1863 2799 2123 2849 hominem
2147 2797 2243 2860 qui
2257 2813 2331 2844 se-

526 2894 739 2939 cundum
767 2893 911 2939 deum
939 2903 1131 2939 creatus
1157 2903 1260 2938 ests
1287 2891 1333 2937 in
1352 2890 1536 2937 iustitia
1552 2899 1601 2935 et
1620 2887 1881 2934 sanctitate
1907 2883 2144 2930 ueritatis.
2153 2896 2328 2937 flamen
2342 2871 2347 2876 ⁴

595 2977 929 3038 Euangelz'um
970 2982 1122 3038 supra
1160 2992 1305 3038 quere
1344 2974 1397 3021 z'n
1436 2971 1666 3020 cathedra
1706 2969 1868 3017 sancti
1875 2968 2046 3032 petri„
2075 2965 2241 3012 Lectio
2263 2964 2336 3042 sci

463 3086 505 3117 30
526 3060 797 3123 euangelii(
828 3060 1086 3106 secundum
1111 3058 1385 3114 flmmeum„
1935 3054 1938 3055 ⁷
1976 3055 1978 3058 ’

600 3144 655 3190 In
701 3142 781 3190 illo
825 3154 1047 3205 tempore
1090 3142 1224 3189 uenit
1265 3141 1430 3189 ihesus
1471 3141 1517 3187 in
1568 3149 1731 3202 partes
1775 3150 2003 3183 cesareae
2045 3131 2230 3195 filippi<
2280 3140 2330 3178 et

528 3227 863 3291 interrogabat
897 3225 903 3290 Ι
934 3239 1029 3286 407
1066 3224 1071 3290 Ι
