2554 3658
0 2971 10 3045 νιν-ι-
0 2913 4 2952 -
0 2697 9 2900 «--”-ψν-τ,--
0 2664 2 2673 -

892 355 1144 388 HOMILIAE
1179 353 1495 391 TOLETANAE.
1996 355 2026 399 4
2034 355 2056 386 2
2066 354 2092 400 3

346 468 372 508 f.
397 477 482 520 250
502 470 676 507 Sermo
712 471 763 507 in
785 471 946 507 natale
974 469 1239 510 infantum.
1271 469 1460 519 Hodiae,
1493 468 1648 508 [ratres
1682 467 1915 526 karissimi,
1952 468 2101 508 natale

288 538 464 580 illorum
489 538 710 581 infantum
738 572 844 581 ......
865 552 945 581 sua
967 539 1221 593 potectione
1242 538 1469 593 perducat.
1492 537 1575 580 Cui
1598 541 1665 578 est
1687 536 1842 587 honor,
1863 542 1944 578 etc.

346 658 449 699 Cod.
474 658 634 698 Durlac.
658 636 774 701 serm.
799 670 819 709 5
844 658 1048 710 (Engelbr.
1076 670 1113 709 p.
1140 670 1159 695 2
1166 655 1246 708 38).

351 779 377 822 f.
399 786 502 832 254v
526 781 700 820 Sermo
720 781 878 819 sancti
899 780 1047 818 fausti
1064 779 1306 827 legendus
1329 781 1448 818 ante
1470 787 1643 817 carnes
1664 779 1832 819 tultaS.
1860 778 1987 830 Ecce,
2018 779 2101 821 sra-

292 853 381 889 tres
415 847 705 899 dilectissimi,
726 849 820 890 dies
854 848 1224 903 quadragesimae
1251 879 1355 889 ......
1394 847 1592 901 praemia
1628 861 1933 901 conparemus,
1973 848 2102 890 Prae-

293 925 440 961 stante
462 919 660 971 domino,
681 925 760 961 etc.

346 1039 448 1080 Cod.
475 1039 636 1078 Durlac.
659 1051 774 1079 serm.
803 1051 846 1090 15
872 1039 1077 1090 (Engelbr.
1100 1051 1135 1090 p.
1163 1038 1268 1090 280).

349 1169 372 1199 2
380 1167 399 1211 5
407 1164 454 1212 7V
476 1159 652 1199 Sermo
672 1160 898 1198 eiusdem
918 1159 1160 1207 legendus
1179 1163 1295 1198 ante
1316 1157 1518 1195 initium
1545 1157 1940 1205 quadragesime.
1980 1156 2103 1198 Non-

291 1227 398 1270 nulli
417 1228 758 1284 xpistianorum,
775 1228 1220 1280 fratres,extimantes
1234 1242 1281 1269 se
1303 1259 1407 1268 ......
1425 1225 1715 1268 obserbantes
1735 1227 2103 1281 quadragesimae

287 1297 583 1356 quodtidiana
608 1296 616 1353 1

343 1415 501 1456 Desinit
536 1416 699 1457 mutilus
719 1419 841 1469 paulo
861 1425 953 1458 ante
973 1419 1093 1457 finem
1116 1416 1156 1457 in
1179 1417 1262 1457 imo
1282 1417 1379 1457 tolio
1401 1419 1508 1456 260V.
1530 1439 1584 1444 —
1606 1415 1966 1456 Pseudo-Ambros.
1987 1429 2101 1456 serm.

291 1486 354 1523 23.
371 1495 425 1501 —
445 1473 602 1511 Revera
622 1484 752 1511 sermo
774 1480 832 1512 est
854 1472 1020 1512 Maximi
1044 1474 1093 1511 26
1115 1471 1369 1521 (Reiffersch.
1393 1473 1427 1520 I,
1453 1471 1558 1521 122).

345 1589 503 1629 Folium
527 1588 620 1626 261r
642 1595 764 1628 vacat.
795 1587 951 1627 Seriore
973 1600 1094 1626 manu
1131 1587 1172 1626 in
1207 1590 1354 1640 angulo
1386 1589 1555 1640 paginae
1587 1588 1776 1639 scriptum
1799 1596 1857 1628 est
1877 1604 1884 1627 :
1906 1589 1989 1627 Hic
2015 1594 2110 1627 sunt

290 1656 476 1684 sermones
494 1643 551 1683 ad
566 1645 644 1683 XL
662 1644 707 1682 de
725 1655 856 1682 carnes
884 1643 1081 1681 tollendas.
1114 1643 1219 1682 alius
1237 1645 1310 1693 qui
1331 1645 1516 1694 sequitur.
1539 1644 1628 1682 item
1659 1645 1773 1682 alius.
1806 1644 1895 1682 item
1925 1643 2030 1682 alius
2058 1644 2104 1682 de

291 1712 391 1739 caeco
410 1705 512 1738 nato.
543 1700 588 1738 de
606 1700 752 1738 lazaro.
782 1698 826 1736 de
846 1698 1001 1748 piscina
1022 1697 1129 1736 siloa.
1162 1698 1206 1736 de
1230 1698 1290 1737 die
1309 1699 1452 1738 iudisii.
1477 1699 1564 1738 item
1584 1699 1698 1737 alius.
1722 1698 1809 1737 item
1830 1698 1944 1737 alius.

351 1824 400 1861 In
424 1822 506 1861 imo
527 1819 623 1860 folio
641 1835 649 1859 ι
674 1823 802 1860 Item
818 1821 975 1860 alium
993 1821 1219 1860 eiusdem
1234 1821 1296 1859 de
1317 1821 1715 1871 conpetentibus.
1743 1819 1750 1871 Ι
1777 1820 1801 1862 f.
1822 1821 1925 1862 261v
1945 1820 2108 1871 Hodie,

293 1891 448 1934 fratres
482 1891 704 1933 karissimi
742 1890 993 1945 specialiter
1026 1891 1081 1932 ad
1125 1896 1415 1944 competentes
1455 1923 1561 1932 ......
1601 1890 1657 1932 ad
1693 1896 1874 1932 aeterna
1908 1890 2106 1944 praemia

292 1961 526 2004 introduci.
546 1962 809 2010 Praestante
826 1960 928 2012 deo,
949 1966 1029 2002 etc.

346 2085 506 2125 Deinde
527 2084 733 2124 interiecto
754 2097 876 2135 parvo
905 2084 1060 2135 spatio:
1094 2086 1194 2124 Uos
1216 2098 1334 2138 ergo,
1357 2084 1513 2127 fratres
1548 2086 1780 2138 karissimi,
1813 2086 2109 2129 admonemus

290 2154 372 2196 sub
393 2167 581 2209 quorum
600 2153 858 2196 testimonio
872 2154 933 2195 hii
956 2168 1112 2196 omnes
1127 2154 1202 2208 qui
1218 2154 1401 2196 nomina
1419 2168 1498 2196 sua
1515 2155 1558 2197 in
1574 2155 1746 2197 caelum
1761 2156 2104 2199 adscribendum

287 2224 507 2266 dederunt
526 2256 632 2266 ......
650 2223 773 2278 digni
790 2223 1000 2266 conbibio
1018 2224 1235 2266 abeantur
1250 2229 1444 2266 aeterno.
1464 2225 1724 2267 Praestante
1737 2226 1823 2267 deo
1840 2233 2006 2278 nostro,
2023 2233 2106 2270 etc.

342 2342 518 2381 Exordio
538 2342 724 2382 convenit
744 2354 835 2381 cum
866 2356 1050 2383 sermone
1069 2342 1301 2394 appendicis
1323 2343 1637 2394 Augustinianae
1674 2346 1762 2392 267,
1785 2344 1976 2396 deinceps
2010 2358 2103 2388 vero

286 2396 454 2436 omnino
475 2396 576 2436 alius
596 2401 666 2445 e‘st,
694 2398 899 2448 multaque
928 2397 1117 2445 continet,
1156 2410 1260 2448 quae
1293 2410 1315 2436 a
1342 2397 1433 2436 viris
1454 2410 1583 2437 rerum
1619 2398 1890 2449 liturgicarum
1912 2399 2100 2439 studiosis

285 2450 662 2499 animadvertantur,
679 2465 713 2490 v.
736 2465 769 2502 g.
797 2461 818 2492 (‹
840 2452 941 2491 Ideo
961 2452 1069 2491 enirn
1089 2459 1182 2491 ante
1202 2453 1331 2502 plures
1352 2451 1437 2491 dies
1459 2453 1630 2502 paschae
1651 2466 1785 2491 nomen
1808 2459 1978 2492 uestrum
1995 2454 2103 2504 offer-

289 2515 311 2547 «
332 2506 431 2545 tis...
457 2507 558 2546 Ideo
578 2519 671 2556 ergo
690 2514 783 2546 ante
802 2505 958 2556 aliquos
979 2507 1064 2546 dies
1084 2508 1135 2546 ad
1155 2519 1296 2545 manus
1316 2507 1581 2557 inpositionem
1602 2507 1805 2556 acceditis,
1829 2516 1870 2548 ut
1892 2521 1966 2547 uos
1989 2508 2102 2559 quasi

287 2569 310 2601 «
331 2561 508 2600 adlaetas
538 2560 602 2611 xpi
622 2560 857 2604 fortissimos
877 2569 1016 2600 contra
1035 2574 1078 2600 se
1098 2561 1281 2600 diabolus
1302 2574 1457 2612 semper
1477 2561 1655 2601 inueniat
1687 2570 1951 2613 praeparatos.
1993 2563 2103 2602 Sicut

288 2624 310 2656 «
332 2614 440 2654 enim
461 2615 677 2654 luctatores
698 2616 825 2654 aclete
845 2614 938 2654 ideo
972 2622 1184 2666 unguntur,
1209 2622 1250 2654 ut
1271 2616 1321 2655 ab
1342 2615 1572 2655 aduersario
1607 2616 1733 2656 teneri
1755 2629 1836 2656 nou
1859 2618 2024 2667 possint,
2048 2619 2102 2656 ita

288 2679 311 2710 <(
332 2677 371 2708 et
392 2682 465 2708 uos
486 2669 578 2709 ideo
591 2676 667 2720 per
685 2670 881 2708 ministros
899 2683 986 2708 suos
1003 2671 1165 2720 spiritus
1197 2676 1352 2708 sanctus
1370 2671 1560 2720 dignatur
1581 2684 1750 2721 unguere
1770 2681 1791 2712 )>
1829 2672 1910 2723 (Cf.
1948 2672 2101 2712 Hildef.

287 2724 352 2762 Dc
371 2725 502 2774 cognit.
524 2724 626 2774 bapt,
648 2737 681 2763 e.
707 2737 768 2773 21,
793 2736 854 2774 27,
880 2724 958 2775 28);
986 2748 1034 2753 —
1055 2733 1077 2766 «
1100 2726 1150 2763 Et
1165 2725 1367 2763 secundum
1381 2725 1486 2774 quod
1495 2731 1532 2763 et
1544 2726 1684 2776 ip5i(s)
1695 2727 1737 2764 in
1752 2726 1937 2765 babtismo
1945 2727 2101 2776 factum

290 2787 312 2818 «
332 2783 397 2826 est,
419 2777 643 2829 hospitibus
658 2779 782 2829 pedes
802 2778 937 2819 labent
959 2788 980 2819 »
1003 2786 1077 2818 etc.
1102 2778 1224 2830 (Vide
1243 2780 1419 2830 append.
1440 2781 1607 2831 August.
1631 2793 1745 2820 serm.
1774 2783 1862 2829 168,
1884 2794 1921 2820 n.
1947 2781 2000 2832 3).

351 2896 377 2939 f.
401 2897 480 2950 265
510 2899 636 2936 Item
658 2899 814 2938 alium
837 2891 1075 2939 eiusdem.
1102 2900 1189 2954 Qui
1213 2902 1268 2942 ad
1292 2915 1448 2943 cenam
1481 2902 1752 2944 dominicam
1777 2903 1951 2944 deuotis
1973 2903 2108 2944 cursi-

294 2965 376 3007 bus
397 2967 644 3010 aduenistis
663 3000 768 3010 ......
789 2982 889 3010 cum
914 2983 1008 3024 xpo
1030 2970 1194 3024 gaudia
1209 2971 1466 3024 possideuit.
1491 2972 1573 3012 Per
1594 2972 1739 3025 ipsum
1761 2972 2007 3023 dominum,
2025 2979 2107 3015 etc.

355 3090 382 3133 f.
404 3092 508 3143 267v
529 3093 703 3132 Sermo
716 3094 786 3153 ‘de
807 3094 1160 3142 parascephen.
1187 3094 1339 3136 Passio
1373 3094 1481 3135 haec
1503 3094 1674 3136 domini
1713 3097 1850 3137 nostri
1874 3096 1997 3138 ihesu
2030 3099 2109 3152 xpi

298 3160 374 3214 qui
395 3162 639 3216 euangeliis
661 3164 847 3206 recitata
864 3169 931 3206 est
1027 3163 1243 3206 Dicamus
1265 3170 1308 3206 et
1326 3177 1418 3206 nos.
1443 3165 1503 3203 K.
1525 3165 1782 3205 Memento
1804 3167 1902 3204 mei
1920 3167 2112 3206 domini

299 3230 422 3269 dum
442 3235 644 3272 ueneris
660 3234 712 3271 in
741 3243 954 3281 regnum
975 3237 1138 3279 tuum.
1165 3234 1297 3276 Hanc
1326 3247 1431 3288 ergo
1464 3233 1787 3277 confessionem
1811 3235 1928 3278 illius
1960 3238 2103 3280 sancti
