<?xml version="1.0" encoding="UTF-8"?>
<!DOCTYPE html PUBLIC "-//W3C//DTD XHTML 1.0 Transitional//EN"
    "http://www.w3.org/TR/xhtml1/DTD/xhtml1-transitional.dtd">
<html xmlns="http://www.w3.org/1999/xhtml" xml:lang="en" lang="en">
 <head>
  <title>
</title>
<meta http-equiv="Content-Type" content="text/html;charset=utf-8" />
  <meta name='ocr-system' content='tesseract 3.04.00' />
  <meta name='ocr-capabilities' content='ocr_page ocr_carea ocr_par ocr_line ocrx_word'/>
</head>
<body>
  <div class='ocr_page' id='page_1' title='image "./libercomicussive00moriuoft_0152.png"; bbox 0 0 2554 3658; ppageno 0'>
   <div class='ocr_carea' id='block_1_1' title="bbox 452 1453 489 1475">
    <p class='ocr_par' dir='ltr' id='par_1_1' title="bbox 452 1453 489 1475">
     <span class='ocr_line' id='line_1_1' title="bbox 452 1453 489 1475; baseline 0 0"><span class='ocrx_word' id='word_1_1' title='bbox 452 1453 489 1475; x_wconf 90' lang='lat'><strong>10</strong></span> 
     </span>
    </p>
   </div>
   <div class='ocr_carea' id='block_1_2' title="bbox 454 1874 490 1908">
    <p class='ocr_par' dir='ltr' id='par_1_2' title="bbox 454 1874 490 1908">
     <span class='ocr_line' id='line_1_2' title="bbox 454 1874 490 1908; baseline 0 0"><span class='ocrx_word' id='word_1_2' title='bbox 454 1874 490 1908; x_wconf 88' lang='lat'><strong>15</strong></span> 
     </span>
    </p>
   </div>
   <div class='ocr_carea' id='block_1_3' title="bbox 452 2297 493 2319">
    <p class='ocr_par' dir='ltr' id='par_1_3' title="bbox 452 2297 493 2319">
     <span class='ocr_line' id='line_1_3' title="bbox 452 2297 493 2319; baseline 0 0"><span class='ocrx_word' id='word_1_3' title='bbox 452 2297 493 2319; x_wconf 90' lang='lat'><strong>20</strong></span> 
     </span>
    </p>
   </div>
   <div class='ocr_carea' id='block_1_4' title="bbox 451 2714 491 2748">
    <p class='ocr_par' dir='ltr' id='par_1_4' title="bbox 451 2714 491 2748">
     <span class='ocr_line' id='line_1_4' title="bbox 451 2714 491 2748; baseline 0 0"><span class='ocrx_word' id='word_1_4' title='bbox 451 2714 491 2748; x_wconf 86' lang='lat'><strong>25</strong></span> 
     </span>
    </p>
   </div>
   <div class='ocr_carea' id='block_1_5' title="bbox 517 340 1880 378">
    <p class='ocr_par' dir='ltr' id='par_1_5' title="bbox 517 340 1880 378">
     <span class='ocr_line' id='line_1_5' title="bbox 517 340 1880 378; baseline 0.003 -4"><span class='ocrx_word' id='word_1_5' title='bbox 517 340 608 375; x_wconf 85' lang='lat'><strong>120</strong></span> <span class='ocrx_word' id='word_1_6' title='bbox 951 345 1204 377; x_wconf 92' lang='lat' dir='ltr'><strong>DOMINICO</strong></span> <span class='ocrx_word' id='word_1_7' title='bbox 1241 346 1306 377; x_wconf 92' lang='lat' dir='ltr'><strong>DE</strong></span> <span class='ocrx_word' id='word_1_8' title='bbox 1345 346 1536 378; x_wconf 84' lang='lat' dir='ltr'><strong>LAZARO</strong></span> <span class='ocrx_word' id='word_1_9' title='bbox 1573 347 1640 377; x_wconf 93' lang='lat' dir='ltr'><strong>AD</strong></span> <span class='ocrx_word' id='word_1_10' title='bbox 1678 345 1880 378; x_wconf 75' lang='lat' dir='ltr'>MISSAM.</span> 
     </span>
    </p>
   </div>
   <div class='ocr_carea' id='block_1_6' title="bbox 508 457 2325 598">
    <p class='ocr_par' dir='ltr' id='par_1_6' title="bbox 508 457 2325 598">
     <span class='ocr_line' id='line_1_6' title="bbox 577 457 2325 523; baseline 0.002 -18"><span class='ocrx_word' id='word_1_11' title='bbox 577 458 678 506; x_wconf 85' lang='lat' dir='ltr'><strong>Sed</strong></span> <span class='ocrx_word' id='word_1_12' title='bbox 715 476 862 506; x_wconf 90' lang='lat' dir='ltr'><strong>nemo</strong></span> <span class='ocrx_word' id='word_1_13' title='bbox 895 460 1027 507; x_wconf 83' lang='lat' dir='ltr'>misit</span> <span class='ocrx_word' id='word_1_14' title='bbox 1065 461 1111 506; x_wconf 90' lang='lat' dir='ltr'><strong>in</strong></span> <span class='ocrx_word' id='word_1_15' title='bbox 1149 460 1281 507; x_wconf 87' lang='lat' dir='ltr'><strong>illum</strong></span> <span class='ocrx_word' id='word_1_16' title='bbox 1315 475 1517 507; x_wconf 55' lang='lat' dir='ltr'><strong>manus(</strong></span> <span class='ocrx_word' id='word_1_17' title='bbox 1562 461 1678 523; x_wconf 86' lang='lat' dir='ltr'><strong>quia</strong></span> <span class='ocrx_word' id='word_1_18' title='bbox 1710 461 1929 507; x_wconf 88' lang='lat' dir='ltr'><strong>nondum</strong></span> <span class='ocrx_word' id='word_1_19' title='bbox 1969 473 2170 508; x_wconf 86' lang='lat' dir='ltr'><strong>ueuerat</strong></span> <span class='ocrx_word' id='word_1_20' title='bbox 2204 457 2325 508; x_wconf 79' lang='lat' dir='ltr'><strong>hora</strong></span> 
     </span>
     <span class='ocr_line' id='line_1_7' title="bbox 508 542 644 598; baseline -0.007 -9"><span class='ocrx_word' id='word_1_21' title='bbox 508 542 644 598; x_wconf 79' lang='lat' dir='ltr'><strong>eius,</strong></span> 
     </span>
    </p>
   </div>
   <div class='ocr_carea' id='block_1_7' title="bbox 510 710 2323 797">
    <p class='ocr_par' dir='ltr' id='par_1_7' title="bbox 510 710 2323 797">
     <span class='ocr_line' id='line_1_8' title="bbox 510 710 2323 797; baseline 0.002 -35"><span class='ocrx_word' id='word_1_22' title='bbox 510 711 670 797; x_wconf 57' lang='lat' dir='ltr'>ITEM</span> <span class='ocrx_word' id='word_1_23' title='bbox 695 711 1045 765; x_wconf 90' lang='lat' dir='ltr'>LEGENDUM</span> <span class='ocrx_word' id='word_1_24' title='bbox 1075 712 1138 765; x_wconf 93' lang='lat' dir='ltr'><strong>IN</strong></span> <span class='ocrx_word' id='word_1_25' title='bbox 1169 711 1473 765; x_wconf 85' lang='lat' dir='ltr'><strong>DOMINICO</strong></span> <span class='ocrx_word' id='word_1_26' title='bbox 1499 710 1638 775; x_wconf 85' lang='lat' dir='ltr'><strong>DE.‘‚</strong></span> <span class='ocrx_word' id='word_1_27' title='bbox 1665 712 1914 765; x_wconf 88' lang='lat' dir='ltr'><strong>LAZARO</strong></span> <span class='ocrx_word' id='word_1_28' title='bbox 1936 714 2022 765; x_wconf 93' lang='lat' dir='ltr'><strong>AD</strong></span> <span class='ocrx_word' id='word_1_29' title='bbox 2047 713 2323 776; x_wconf 67' lang='lat' dir='ltr'>MISSAM„</span> 
     </span>
    </p>
   </div>
   <div class='ocr_carea' id='block_1_8' title="bbox 677 851 2165 903">
    <p class='ocr_par' dir='ltr' id='par_1_8' title="bbox 677 851 2165 903">
     <span class='ocr_line' id='line_1_9' title="bbox 677 851 2165 903; baseline -0.002 -11"><span class='ocrx_word' id='word_1_30' title='bbox 677 854 909 894; x_wconf 81' lang='lat' dir='ltr'>LECTIO</span> <span class='ocrx_word' id='word_1_31' title='bbox 944 852 1159 893; x_wconf 64' lang='lat' dir='ltr'>LIBRIA</span> <span class='ocrx_word' id='word_1_32' title='bbox 1201 854 1527 902; x_wconf 66' lang='lat' dir='ltr'>LEUITICL,</span> <span class='ocrx_word' id='word_1_33' title='bbox 1562 851 1725 903; x_wconf 82' lang='lat' dir='ltr'>&lt;XXIII</span> <span class='ocrx_word' id='word_1_34' title='bbox 1759 853 1834 902; x_wconf 80' lang='lat'>5-8,</span> <span class='ocrx_word' id='word_1_35' title='bbox 1869 852 1998 901; x_wconf 86' lang='lat'>23-28,</span> <span class='ocrx_word' id='word_1_36' title='bbox 2030 852 2165 903; x_wconf 82' lang='lat'>39-41.)</span> 
     </span>
    </p>
   </div>
   <div class='ocr_carea' id='block_1_9' title="bbox 551 1013 2323 1078">
    <p class='ocr_par' dir='ltr' id='par_1_9' title="bbox 551 1013 2323 1078">
     <span class='ocr_line' id='line_1_10' title="bbox 551 1013 2323 1078; baseline 0.001 -18"><span class='ocrx_word' id='word_1_37' title='bbox 551 1014 658 1060; x_wconf 87' lang='grc' dir='ltr'><strong>,ΙΝ</strong></span> <span class='ocrx_word' id='word_1_38' title='bbox 720 1013 999 1061; x_wconf 83' lang='lat' dir='ltr'>DIEBUS</span> <span class='ocrx_word' id='word_1_39' title='bbox 1059 1013 1281 1061; x_wconf 67' lang='lat' dir='ltr'>ILLISa</span> <span class='ocrx_word' id='word_1_40' title='bbox 1339 1013 1573 1078; x_wconf 81' lang='lat' dir='ltr'>loquutus</span> <span class='ocrx_word' id='word_1_41' title='bbox 1628 1026 1703 1062; x_wconf 87' lang='lat' dir='ltr'><strong>est</strong></span> <span class='ocrx_word' id='word_1_42' title='bbox 1759 1030 1956 1077; x_wconf 88' lang='lat' dir='ltr'><strong>moyses</strong></span> <span class='ocrx_word' id='word_1_43' title='bbox 2010 1013 2120 1061; x_wconf 86' lang='lat' dir='ltr'><strong>filiis</strong></span> <span class='ocrx_word' id='word_1_44' title='bbox 2163 1014 2323 1062; x_wconf 86' lang='lat' dir='ltr'><strong>srahel</strong></span> 
     </span>
    </p>
   </div>
   <div class='ocr_carea' id='block_1_10' title="bbox 511 1097 712 1152">
    <p class='ocr_par' dir='ltr' id='par_1_10' title="bbox 511 1097 712 1152">
     <span class='ocr_line' id='line_1_11' title="bbox 511 1097 712 1152; baseline 0.005 -9"><span class='ocrx_word' id='word_1_45' title='bbox 511 1097 712 1152; x_wconf 72' lang='lat' dir='ltr'><strong>dicens,</strong></span> 
     </span>
    </p>
   </div>
   <div class='ocr_carea' id='block_1_11' title="bbox 583 1180 2325 1245">
    <p class='ocr_par' dir='ltr' id='par_1_11' title="bbox 583 1180 2325 1245">
     <span class='ocr_line' id='line_1_12' title="bbox 583 1180 2325 1245; baseline 0.001 -18"><span class='ocrx_word' id='word_1_46' title='bbox 583 1181 762 1228; x_wconf 86' lang='lat' dir='ltr'><strong>Mense</strong></span> <span class='ocrx_word' id='word_1_47' title='bbox 807 1180 967 1244; x_wconf 89' lang='lat' dir='ltr'><strong>primo</strong></span> <span class='ocrx_word' id='word_1_48' title='bbox 1004 1193 1181 1244; x_wconf 83' lang='lat' dir='ltr'><strong>quarta</strong></span> <span class='ocrx_word' id='word_1_49' title='bbox 1214 1181 1408 1231; x_wconf 87' lang='lat' dir='ltr'><strong>decima</strong></span> <span class='ocrx_word' id='word_1_50' title='bbox 1441 1182 1521 1230; x_wconf 90' lang='lat' dir='ltr'><strong>die</strong></span> <span class='ocrx_word' id='word_1_51' title='bbox 1563 1182 1746 1230; x_wconf 81' lang='lat' dir='ltr'><strong>mensis</strong></span> <span class='ocrx_word' id='word_1_52' title='bbox 1783 1182 1846 1229; x_wconf 91' lang='lat' dir='ltr'><strong>ad</strong></span> <span class='ocrx_word' id='word_1_53' title='bbox 1884 1196 2176 1245; x_wconf 65' lang='lat' dir='ltr'><strong>uesperum&lt;</strong></span> <span class='ocrx_word' id='word_1_54' title='bbox 2223 1181 2325 1229; x_wconf 85' lang='lat' dir='ltr'><strong>fase</strong></span> 
     </span>
    </p>
   </div>
   <div class='ocr_carea' id='block_1_12' title="bbox 435 1265 2326 1329">
    <p class='ocr_par' dir='ltr' id='par_1_12' title="bbox 435 1265 2326 1329">
     <span class='ocr_line' id='line_1_13' title="bbox 435 1265 2326 1329; baseline 0.002 -19"><span class='ocrx_word' id='word_1_55' title='bbox 435 1283 438 1285; x_wconf 87' lang='lat'>·</span> <span class='ocrx_word' id='word_1_56' title='bbox 511 1265 698 1311; x_wconf 88' lang='lat' dir='ltr'><strong>domini</strong></span> <span class='ocrx_word' id='word_1_57' title='bbox 725 1276 830 1322; x_wconf 91' lang='lat' dir='ltr'><strong>est.‚</strong></span> <span class='ocrx_word' id='word_1_58' title='bbox 877 1265 945 1313; x_wconf 85' lang='lat' dir='ltr'><strong>Et</strong></span> <span class='ocrx_word' id='word_1_59' title='bbox 973 1265 1020 1312; x_wconf 91' lang='lat' dir='ltr'><strong>in</strong></span> <span class='ocrx_word' id='word_1_60' title='bbox 1059 1266 1234 1329; x_wconf 84' lang='lat' dir='ltr'><strong>quinta</strong></span> <span class='ocrx_word' id='word_1_61' title='bbox 1269 1267 1461 1315; x_wconf 86' lang='lat' dir='ltr'><strong>decima</strong></span> <span class='ocrx_word' id='word_1_62' title='bbox 1486 1266 1566 1314; x_wconf 84' lang='lat' dir='ltr'><strong>die</strong></span> <span class='ocrx_word' id='word_1_63' title='bbox 1593 1267 1777 1315; x_wconf 83' lang='lat' dir='ltr'><strong>mensis</strong></span> <span class='ocrx_word' id='word_1_64' title='bbox 1804 1266 1975 1314; x_wconf 67' lang='lat' dir='ltr'><strong>huius&lt;</strong></span> <span class='ocrx_word' id='word_1_65' title='bbox 2020 1265 2326 1314; x_wconf 84' lang='lat' dir='ltr'><strong>sollemnitas</strong></span> 
     </span>
    </p>
   </div>
   <div class='ocr_carea' id='block_1_13' title="bbox 512 1349 2379 1670">
    <p class='ocr_par' dir='ltr' id='par_1_13' title="bbox 512 1349 1130 1407">
     <span class='ocr_line' id='line_1_14' title="bbox 512 1349 1130 1407; baseline 0.006 -13"><span class='ocrx_word' id='word_1_66' title='bbox 512 1349 782 1396; x_wconf 77' lang='lat' dir='ltr'><strong>azimorum</strong></span> <span class='ocrx_word' id='word_1_67' title='bbox 809 1349 997 1397; x_wconf 90' lang='lat' dir='ltr'><strong>domini</strong></span> <span class='ocrx_word' id='word_1_68' title='bbox 1023 1362 1130 1407; x_wconf 68' lang='lat' dir='ltr'><strong>est„</strong></span> 
     </span>
    </p>

    <p class='ocr_par' dir='ltr' id='par_1_14' title="bbox 514 1433 2379 1670">
     <span class='ocr_line' id='line_1_15' title="bbox 582 1433 2325 1499; baseline 0 -19"><span class='ocrx_word' id='word_1_69' title='bbox 582 1433 788 1497; x_wconf 87' lang='lat' dir='ltr'><strong>Septem</strong></span> <span class='ocrx_word' id='word_1_70' title='bbox 832 1434 1007 1482; x_wconf 89' lang='lat' dir='ltr'><strong>diebus</strong></span> <span class='ocrx_word' id='word_1_71' title='bbox 1051 1435 1209 1482; x_wconf 83' lang='lat' dir='ltr'><strong>azima</strong></span> <span class='ocrx_word' id='word_1_72' title='bbox 1250 1436 1553 1492; x_wconf 65' lang='lat' dir='ltr'><strong>comedetis„</strong></span> <span class='ocrx_word' id='word_1_73' title='bbox 1603 1435 1728 1484; x_wconf 89' lang='lat' dir='ltr'><strong>Dies</strong></span> <span class='ocrx_word' id='word_1_74' title='bbox 1770 1435 1986 1499; x_wconf 64' lang='lat' dir='ltr'><strong>primus&lt;</strong></span> <span class='ocrx_word' id='word_1_75' title='bbox 2042 1435 2134 1483; x_wconf 90' lang='lat' dir='ltr'><strong>erit</strong></span> <span class='ocrx_word' id='word_1_76' title='bbox 2182 1434 2325 1486; x_wconf 86' lang='lat' dir='ltr'><strong>uobis</strong></span> 
     </span>
     <span class='ocr_line' id='line_1_16' title="bbox 514 1517 2317 1585; baseline -0.001 -20"><span class='ocrx_word' id='word_1_77' title='bbox 514 1517 864 1566; x_wconf 87' lang='lat' dir='ltr'><strong>celeberrimus</strong></span> <span class='ocrx_word' id='word_1_78' title='bbox 891 1531 1224 1584; x_wconf 53' lang='lat' dir='ltr'><strong>sanctusque,</strong></span> <span class='ocrx_word' id='word_1_79' title='bbox 1253 1522 1421 1570; x_wconf 89' lang='lat' dir='ltr'><strong>Omne</strong></span> <span class='ocrx_word' id='word_1_80' title='bbox 1446 1539 1572 1585; x_wconf 89' lang='lat' dir='ltr'><strong>opus</strong></span> <span class='ocrx_word' id='word_1_81' title='bbox 1598 1520 1777 1570; x_wconf 87' lang='lat' dir='ltr'><strong>seruile</strong></span> <span class='ocrx_word' id='word_1_82' title='bbox 1806 1538 1903 1569; x_wconf 89' lang='lat' dir='ltr'><strong>non</strong></span> <span class='ocrx_word' id='word_1_83' title='bbox 1932 1520 2119 1568; x_wconf 86' lang='lat' dir='ltr'><strong>facietis</strong></span> <span class='ocrx_word' id='word_1_84' title='bbox 2146 1519 2194 1570; x_wconf 88' lang='lat' dir='ltr'><strong>in</strong></span> <span class='ocrx_word' id='word_1_85' title='bbox 2229 1534 2317 1566; x_wconf 62' lang='lat' dir='ltr'><strong>eoa</strong></span> 
     </span>
     <span class='ocr_line' id='line_1_17' title="bbox 515 1603 2379 1670; baseline 0 -19"><span class='ocrx_word' id='word_1_86' title='bbox 515 1604 602 1651; x_wconf 85' lang='lat' dir='ltr'><strong>sed</strong></span> <span class='ocrx_word' id='word_1_87' title='bbox 639 1603 857 1652; x_wconf 85' lang='lat' dir='ltr'><strong>offeretis</strong></span> <span class='ocrx_word' id='word_1_88' title='bbox 895 1605 1187 1653; x_wconf 85' lang='lat' dir='ltr'><strong>sacrificium</strong></span> <span class='ocrx_word' id='word_1_89' title='bbox 1227 1606 1273 1652; x_wconf 90' lang='lat' dir='ltr'><strong>in</strong></span> <span class='ocrx_word' id='word_1_90' title='bbox 1314 1606 1429 1670; x_wconf 85' lang='lat' dir='ltr'><strong>igne</strong></span> <span class='ocrx_word' id='word_1_91' title='bbox 1466 1606 1671 1654; x_wconf 90' lang='lat' dir='ltr'><strong>domino</strong></span> <span class='ocrx_word' id='word_1_92' title='bbox 1714 1617 1906 1669; x_wconf 88' lang='lat' dir='ltr'><strong>septem</strong></span> <span class='ocrx_word' id='word_1_93' title='bbox 1950 1605 2156 1661; x_wconf 64' lang='lat' dir='ltr'><strong>diebus„</strong></span> <span class='ocrx_word' id='word_1_94' title='bbox 2203 1604 2379 1652; x_wconf 50' lang='lat' dir='ltr'><strong>Dies*</strong></span> 
     </span>
    </p>
   </div>
   <div class='ocr_carea' id='block_1_14' title="bbox 508 1689 2327 1753">
    <p class='ocr_par' dir='ltr' id='par_1_15' title="bbox 508 1689 2327 1753">
     <span class='ocr_line' id='line_1_18' title="bbox 508 1689 2327 1753; baseline 0 -18"><span class='ocrx_word' id='word_1_95' title='bbox 508 1699 680 1736; x_wconf 56' lang='lat' dir='ltr'><strong>‘autem</strong></span> <span class='ocrx_word' id='word_1_96' title='bbox 713 1689 982 1752; x_wconf 59' lang='lat' dir='ltr'><strong>septimus(</strong></span> <span class='ocrx_word' id='word_1_97' title='bbox 1020 1690 1112 1738; x_wconf 92' lang='lat' dir='ltr'><strong>erit</strong></span> <span class='ocrx_word' id='word_1_98' title='bbox 1149 1689 1445 1738; x_wconf 88' lang='lat' dir='ltr'><strong>celeberrior</strong></span> <span class='ocrx_word' id='word_1_99' title='bbox 1478 1702 1527 1738; x_wconf 92' lang='lat' dir='ltr'><strong>et</strong></span> <span class='ocrx_word' id='word_1_100' title='bbox 1566 1691 1810 1746; x_wconf 62' lang='lat' dir='ltr'><strong>sanctior„</strong></span> <span class='ocrx_word' id='word_1_101' title='bbox 1859 1689 2163 1753; x_wconf 90' lang='lat' dir='ltr'><strong>Nullumque</strong></span> <span class='ocrx_word' id='word_1_102' title='bbox 2203 1706 2327 1752; x_wconf 90' lang='lat' dir='ltr'><strong>opus</strong></span> 
     </span>
    </p>
   </div>
   <div class='ocr_carea' id='block_1_15' title="bbox 515 1771 2330 3017">
    <p class='ocr_par' dir='ltr' id='par_1_16' title="bbox 515 1771 2327 1915">
     <span class='ocr_line' id='line_1_19' title="bbox 516 1771 2327 1840; baseline 0 -20"><span class='ocrx_word' id='word_1_103' title='bbox 516 1773 723 1821; x_wconf 70' lang='lat' dir='ltr'><strong>serbilec</strong></span> <span class='ocrx_word' id='word_1_104' title='bbox 754 1771 772 1840; x_wconf 79' lang='grc' dir='ltr'><strong>ΙΙ</strong></span> <span class='ocrx_word' id='word_1_105' title='bbox 798 1774 986 1823; x_wconf 87' lang='lat' dir='ltr'><strong>facietis</strong></span> <span class='ocrx_word' id='word_1_106' title='bbox 1014 1775 1061 1822; x_wconf 92' lang='lat' dir='ltr'><strong>in</strong></span> <span class='ocrx_word' id='word_1_107' title='bbox 1094 1792 1183 1831; x_wconf 90' lang='lat' dir='ltr'><strong>eo.‚</strong></span> <span class='ocrx_word' id='word_1_108' title='bbox 1222 1775 1583 1839; x_wconf 87' lang='lat' dir='ltr'><strong>Loquutusque</strong></span> <span class='ocrx_word' id='word_1_109' title='bbox 1618 1781 1687 1822; x_wconf 83' lang='lat' dir='ltr'><strong>est</strong></span> <span class='ocrx_word' id='word_1_110' title='bbox 1722 1774 1980 1835; x_wconf 66' lang='lat' dir='ltr'><strong>dominus(-</strong></span> <span class='ocrx_word' id='word_1_111' title='bbox 2020 1774 2083 1821; x_wconf 88' lang='lat' dir='ltr'><strong>ad</strong></span> <span class='ocrx_word' id='word_1_112' title='bbox 2121 1790 2327 1837; x_wconf 87' lang='lat' dir='ltr'><strong>moysen</strong></span> 
     </span>
     <span class='ocr_line' id='line_1_20' title="bbox 515 1857 715 1915; baseline 0.01 -11"><span class='ocrx_word' id='word_1_113' title='bbox 515 1857 715 1915; x_wconf 65' lang='lat' dir='ltr'><strong>dicens„</strong></span> 
     </span>
    </p>

    <p class='ocr_par' dir='ltr' id='par_1_17' title="bbox 517 1941 2328 2168">
     <span class='ocr_line' id='line_1_21' title="bbox 588 1941 2328 2007; baseline -0.001 -17"><span class='ocrx_word' id='word_1_114' title='bbox 588 1943 818 2006; x_wconf 81' lang='lat' dir='ltr'><strong>Loquere</strong></span> <span class='ocrx_word' id='word_1_115' title='bbox 844 1942 954 1992; x_wconf 85' lang='lat' dir='ltr'><strong>filiis</strong></span> <span class='ocrx_word' id='word_1_116' title='bbox 981 1943 1173 2000; x_wconf 66' lang='lat' dir='ltr'><strong>srahel„</strong></span> <span class='ocrx_word' id='word_1_117' title='bbox 1209 1945 1389 1992; x_wconf 90' lang='lat' dir='ltr'><strong>Mense</strong></span> <span class='ocrx_word' id='word_1_118' title='bbox 1425 1943 1639 2007; x_wconf 83' lang='lat' dir='ltr'><strong>septimo</strong></span> <span class='ocrx_word' id='word_1_119' title='bbox 1672 1942 1829 2006; x_wconf 85' lang='lat' dir='ltr'><strong>prima</strong></span> <span class='ocrx_word' id='word_1_120' title='bbox 1862 1942 1942 1989; x_wconf 89' lang='lat' dir='ltr'><strong>die</strong></span> <span class='ocrx_word' id='word_1_121' title='bbox 1980 1941 2192 1989; x_wconf 55' lang='lat' dir='ltr'><strong>mensis(</strong></span> <span class='ocrx_word' id='word_1_122' title='bbox 2237 1941 2328 1989; x_wconf 90' lang='lat' dir='ltr'><strong>erit</strong></span> 
     </span>
     <span class='ocr_line' id='line_1_22' title="bbox 518 2026 2328 2092; baseline -0.001 -18"><span class='ocrx_word' id='word_1_123' title='bbox 518 2027 658 2075; x_wconf 90' lang='lat' dir='ltr'><strong>uobis</strong></span> <span class='ocrx_word' id='word_1_124' title='bbox 701 2028 963 2076; x_wconf 85' lang='lat' dir='ltr'><strong>sabbatum</strong></span> <span class='ocrx_word' id='word_1_125' title='bbox 1009 2029 1329 2077; x_wconf 79' lang='lat' dir='ltr'><strong>memorabile</strong></span> <span class='ocrx_word' id='word_1_126' title='bbox 1377 2028 1722 2092; x_wconf 86' lang='lat' dir='ltr'><strong>clangentibus</strong></span> <span class='ocrx_word' id='word_1_127' title='bbox 1772 2028 1929 2075; x_wconf 64' lang='lat' dir='ltr'><strong>tubis·A</strong></span> <span class='ocrx_word' id='word_1_128' title='bbox 1976 2038 2025 2074; x_wconf 91' lang='lat' dir='ltr'><strong>et</strong></span> <span class='ocrx_word' id='word_1_129' title='bbox 2074 2026 2328 2074; x_wconf 89' lang='lat' dir='ltr'><strong>uocabitur</strong></span> 
     </span>
     <span class='ocr_line' id='line_1_23' title="bbox 517 2124 772 2168; baseline 0.004 -9"><span class='ocrx_word' id='word_1_130' title='bbox 517 2124 772 2168; x_wconf 76' lang='lat' dir='ltr'><strong>sanctum,</strong></span> 
     </span>
    </p>

    <p class='ocr_par' dir='ltr' id='par_1_18' title="bbox 518 2194 2328 2345">
     <span class='ocr_line' id='line_1_24' title="bbox 587 2194 2328 2261; baseline -0.001 -17"><span class='ocrx_word' id='word_1_131' title='bbox 587 2197 754 2245; x_wconf 88' lang='lat' dir='ltr'><strong>Omne</strong></span> <span class='ocrx_word' id='word_1_132' title='bbox 779 2214 904 2261; x_wconf 88' lang='lat' dir='ltr'><strong>opus</strong></span> <span class='ocrx_word' id='word_1_133' title='bbox 930 2197 1108 2245; x_wconf 90' lang='lat' dir='ltr'><strong>serbile</strong></span> <span class='ocrx_word' id='word_1_134' title='bbox 1136 2215 1233 2245; x_wconf 90' lang='lat' dir='ltr'><strong>non</strong></span> <span class='ocrx_word' id='word_1_135' title='bbox 1261 2197 1449 2245; x_wconf 86' lang='lat' dir='ltr'><strong>facietis</strong></span> <span class='ocrx_word' id='word_1_136' title='bbox 1485 2198 1531 2244; x_wconf 89' lang='lat' dir='ltr'><strong>in</strong></span> <span class='ocrx_word' id='word_1_137' title='bbox 1570 2211 1659 2245; x_wconf 63' lang='lat' dir='ltr'><strong>eod</strong></span> <span class='ocrx_word' id='word_1_138' title='bbox 1692 2208 1742 2244; x_wconf 89' lang='lat' dir='ltr'><strong>et</strong></span> <span class='ocrx_word' id='word_1_139' title='bbox 1766 2196 1985 2244; x_wconf 84' lang='lat' dir='ltr'><strong>offeretis</strong></span> <span class='ocrx_word' id='word_1_140' title='bbox 2021 2194 2328 2243; x_wconf 80' lang='lat' dir='ltr'><strong>olocaustum</strong></span> 
     </span>
     <span class='ocr_line' id='line_1_25' title="bbox 518 2280 2089 2345; baseline 0 -17"><span class='ocrx_word' id='word_1_141' title='bbox 518 2280 752 2336; x_wconf 75' lang='lat' dir='ltr'><strong>domino,</strong></span> <span class='ocrx_word' id='word_1_142' title='bbox 787 2282 1147 2345; x_wconf 87' lang='lat' dir='ltr'><strong>Loquutusque</strong></span> <span class='ocrx_word' id='word_1_143' title='bbox 1173 2293 1249 2330; x_wconf 86' lang='lat' dir='ltr'><strong>est</strong></span> <span class='ocrx_word' id='word_1_144' title='bbox 1274 2282 1534 2329; x_wconf 79' lang='lat' dir='ltr'><strong>dominuss.</strong></span> <span class='ocrx_word' id='word_1_145' title='bbox 1567 2281 1629 2329; x_wconf 85' lang='lat' dir='ltr'><strong>ad</strong></span> <span class='ocrx_word' id='word_1_146' title='bbox 1656 2298 1863 2345; x_wconf 88' lang='lat' dir='ltr'><strong>moysen</strong></span> <span class='ocrx_word' id='word_1_147' title='bbox 1890 2281 2089 2336; x_wconf 74' lang='lat' dir='ltr'><strong>dicens,</strong></span> 
     </span>
    </p>

    <p class='ocr_par' dir='ltr' id='par_1_19' title="bbox 518 2363 2329 2507">
     <span class='ocr_line' id='line_1_26' title="bbox 589 2363 2329 2429; baseline -0.001 -17"><span class='ocrx_word' id='word_1_148' title='bbox 589 2366 801 2412; x_wconf 87' lang='lat' dir='ltr'><strong>Decimo</strong></span> <span class='ocrx_word' id='word_1_149' title='bbox 826 2366 907 2413; x_wconf 90' lang='lat' dir='ltr'><strong>die</strong></span> <span class='ocrx_word' id='word_1_150' title='bbox 948 2366 1132 2413; x_wconf 88' lang='lat' dir='ltr'><strong>mensis</strong></span> <span class='ocrx_word' id='word_1_151' title='bbox 1173 2365 1318 2413; x_wconf 89' lang='lat' dir='ltr'><strong>huius</strong></span> <span class='ocrx_word' id='word_1_152' title='bbox 1359 2365 1584 2429; x_wconf 71' lang='lat' dir='ltr'><strong>septimic</strong></span> <span class='ocrx_word' id='word_1_153' title='bbox 1618 2365 1724 2413; x_wconf 89' lang='lat' dir='ltr'><strong>dies</strong></span> <span class='ocrx_word' id='word_1_154' title='bbox 1750 2365 2048 2429; x_wconf 81' lang='lat' dir='ltr'><strong>expiationis</strong></span> <span class='ocrx_word' id='word_1_155' title='bbox 2081 2364 2173 2412; x_wconf 86' lang='lat' dir='ltr'><strong>erit</strong></span> <span class='ocrx_word' id='word_1_156' title='bbox 2206 2363 2329 2412; x_wconf 90' lang='lat' dir='ltr'><strong>cele-</strong></span> 
     </span>
     <span class='ocr_line' id='line_1_27' title="bbox 518 2440 1564 2507; baseline 0.002 -11"><span class='ocrx_word' id='word_1_157' title='bbox 518 2449 788 2497; x_wconf 60' lang='lat' dir='ltr'><strong>berrimus(</strong></span> <span class='ocrx_word' id='word_1_158' title='bbox 821 2463 870 2498; x_wconf 91' lang='lat' dir='ltr'><strong>et</strong></span> <span class='ocrx_word' id='word_1_159' title='bbox 897 2450 1154 2497; x_wconf 89' lang='lat' dir='ltr'><strong>uocabitur</strong></span> <span class='ocrx_word' id='word_1_160' title='bbox 1191 2462 1423 2507; x_wconf 67' lang='lat' dir='ltr'><strong>sanctus,</strong></span> <span class='ocrx_word' id='word_1_161' title='bbox 1562 2440 1564 2442; x_wconf 31' lang='lat'>¹</span> 
     </span>
    </p>

    <p class='ocr_par' dir='ltr' id='par_1_20' title="bbox 517 2531 2330 2673">
     <span class='ocr_line' id='line_1_28' title="bbox 585 2531 2330 2597; baseline 0 -17"><span class='ocrx_word' id='word_1_162' title='bbox 585 2533 938 2597; x_wconf 80' lang='lat' dir='ltr'><strong>Affiigetisque</strong></span> <span class='ocrx_word' id='word_1_163' title='bbox 968 2534 1159 2581; x_wconf 85' lang='lat' dir='ltr'><strong>animas</strong></span> <span class='ocrx_word' id='word_1_164' title='bbox 1193 2546 1386 2582; x_wconf 87' lang='lat' dir='ltr'><strong>uestras</strong></span> <span class='ocrx_word' id='word_1_165' title='bbox 1424 2534 1471 2581; x_wconf 92' lang='lat' dir='ltr'><strong>in</strong></span> <span class='ocrx_word' id='word_1_166' title='bbox 1511 2548 1599 2582; x_wconf 73' lang='lat' dir='ltr'><strong>eo&lt;</strong></span> <span class='ocrx_word' id='word_1_167' title='bbox 1645 2546 1694 2582; x_wconf 85' lang='lat' dir='ltr'><strong>et</strong></span> <span class='ocrx_word' id='word_1_168' title='bbox 1727 2534 1945 2582; x_wconf 86' lang='lat' dir='ltr'><strong>offeretis</strong></span> <span class='ocrx_word' id='word_1_169' title='bbox 1987 2531 2330 2581; x_wconf 89' lang='lat' dir='ltr'><strong>holocaustum</strong></span> 
     </span>
     <span class='ocr_line' id='line_1_29' title="bbox 517 2617 750 2673; baseline 0.004 -9"><span class='ocrx_word' id='word_1_170' title='bbox 517 2617 750 2673; x_wconf 73' lang='lat' dir='ltr'><strong>domino,</strong></span> 
     </span>
    </p>

    <p class='ocr_par' dir='ltr' id='par_1_21' title="bbox 516 2694 2329 2850">
     <span class='ocr_line' id='line_1_30' title="bbox 586 2694 2329 2766; baseline 0 -18"><span class='ocrx_word' id='word_1_171' title='bbox 586 2702 753 2749; x_wconf 91' lang='lat' dir='ltr'><strong>Omne</strong></span> <span class='ocrx_word' id='word_1_172' title='bbox 794 2719 919 2765; x_wconf 89' lang='lat' dir='ltr'><strong>opus</strong></span> <span class='ocrx_word' id='word_1_173' title='bbox 963 2718 1061 2749; x_wconf 91' lang='lat' dir='ltr'><strong>non</strong></span> <span class='ocrx_word' id='word_1_174' title='bbox 1106 2701 1295 2749; x_wconf 88' lang='lat' dir='ltr'><strong>facietis</strong></span> <span class='ocrx_word' id='word_1_175' title='bbox 1345 2702 1392 2749; x_wconf 90' lang='lat' dir='ltr'><strong>in</strong></span> <span class='ocrx_word' id='word_1_176' title='bbox 1437 2714 1661 2766; x_wconf 87' lang='lat' dir='ltr'><strong>tempore</strong></span> <span class='ocrx_word' id='word_1_177' title='bbox 1703 2701 1799 2749; x_wconf 88' lang='lat' dir='ltr'><strong>diei</strong></span> <span class='ocrx_word' id='word_1_178' title='bbox 1843 2694 2015 2748; x_wconf 77' lang='lat' dir='ltr'><strong>huiuss.</strong></span> <span class='ocrx_word' id='word_1_179' title='bbox 2064 2701 2179 2764; x_wconf 85' lang='lat' dir='ltr'><strong>quia</strong></span> <span class='ocrx_word' id='word_1_180' title='bbox 2222 2701 2329 2748; x_wconf 92' lang='lat' dir='ltr'><strong>dies</strong></span> 
     </span>
     <span class='ocr_line' id='line_1_31' title="bbox 516 2785 2135 2850; baseline 0.001 -19"><span class='ocrx_word' id='word_1_181' title='bbox 516 2786 814 2848; x_wconf 85' lang='lat' dir='ltr'><strong>expiationis</strong></span> <span class='ocrx_word' id='word_1_182' title='bbox 834 2797 910 2834; x_wconf 87' lang='lat' dir='ltr'><strong>est</strong></span> <span class='ocrx_word' id='word_1_183' title='bbox 934 2798 988 2834; x_wconf 90' lang='lat' dir='ltr'><strong>ut</strong></span> <span class='ocrx_word' id='word_1_184' title='bbox 1014 2786 1341 2850; x_wconf 86' lang='lat' dir='ltr'><strong>propitiaetur</strong></span> <span class='ocrx_word' id='word_1_185' title='bbox 1365 2786 1508 2834; x_wconf 89' lang='lat' dir='ltr'><strong>uobis</strong></span> <span class='ocrx_word' id='word_1_186' title='bbox 1534 2786 1765 2833; x_wconf 91' lang='lat' dir='ltr'><strong>dominus</strong></span> <span class='ocrx_word' id='word_1_187' title='bbox 1790 2785 1913 2832; x_wconf 87' lang='lat' dir='ltr'><strong>deus</strong></span> <span class='ocrx_word' id='word_1_188' title='bbox 1930 2785 2135 2840; x_wconf 66' lang='lat' dir='ltr'><strong>uester„</strong></span> 
     </span>
    </p>

    <p class='ocr_par' dir='ltr' id='par_1_22' title="bbox 589 2868 2277 2932">
     <span class='ocr_line' id='line_1_32' title="bbox 589 2868 2277 2932; baseline 0 -16"><span class='ocrx_word' id='word_1_189' title='bbox 589 2870 686 2916; x_wconf 90' lang='lat' dir='ltr'><strong>Die</strong></span> <span class='ocrx_word' id='word_1_190' title='bbox 712 2870 869 2932; x_wconf 86' lang='lat' dir='ltr'><strong>prima</strong></span> <span class='ocrx_word' id='word_1_191' title='bbox 894 2881 945 2917; x_wconf 90' lang='lat' dir='ltr'><strong>et</strong></span> <span class='ocrx_word' id='word_1_192' title='bbox 969 2870 1050 2918; x_wconf 85' lang='lat' dir='ltr'><strong>die</strong></span> <span class='ocrx_word' id='word_1_193' title='bbox 1075 2870 1280 2917; x_wconf 59' lang='lat' dir='ltr'><strong>octaba(</strong></span> <span class='ocrx_word' id='word_1_194' title='bbox 1312 2871 1403 2918; x_wconf 87' lang='lat' dir='ltr'><strong>erit</strong></span> <span class='ocrx_word' id='word_1_195' title='bbox 1429 2869 1690 2920; x_wconf 78' lang='lat' dir='ltr'><strong>sabbatum</strong></span> <span class='ocrx_word' id='word_1_196' title='bbox 1718 2868 1766 2915; x_wconf 92' lang='lat' dir='ltr'><strong>id</strong></span> <span class='ocrx_word' id='word_1_197' title='bbox 1792 2880 1867 2915; x_wconf 89' lang='lat' dir='ltr'><strong>est</strong></span> <span class='ocrx_word' id='word_1_198' title='bbox 1887 2887 1903 2915; x_wconf 63' lang='grc'><strong>’.</strong></span> <span class='ocrx_word' id='word_1_199' title='bbox 1932 2868 2156 2931; x_wconf 67' lang='lat' dir='ltr'><strong>requies,</strong></span> <span class='ocrx_word' id='word_1_200' title='bbox 2273 2923 2277 2927; x_wconf 37' lang='lat'><em>,</em></span> 
     </span>
    </p>

    <p class='ocr_par' dir='ltr' id='par_1_23' title="bbox 586 2951 2326 3017">
     <span class='ocr_line' id='line_1_33' title="bbox 586 2951 2326 3017; baseline -0.001 -18"><span class='ocrx_word' id='word_1_201' title='bbox 586 2953 906 3016; x_wconf 85' lang='lat' dir='ltr'><strong>Sumetisque</strong></span> <span class='ocrx_word' id='word_1_202' title='bbox 933 2953 1075 3000; x_wconf 90' lang='lat' dir='ltr'><strong>uobis</strong></span> <span class='ocrx_word' id='word_1_203' title='bbox 1100 2953 1181 3001; x_wconf 90' lang='lat' dir='ltr'><strong>die</strong></span> <span class='ocrx_word' id='word_1_204' title='bbox 1207 2954 1367 3017; x_wconf 88' lang='lat' dir='ltr'><strong>primo</strong></span> <span class='ocrx_word' id='word_1_205' title='bbox 1393 2953 1579 3001; x_wconf 89' lang='lat' dir='ltr'><strong>fructus</strong></span> <span class='ocrx_word' id='word_1_206' title='bbox 1622 2952 1846 3000; x_wconf 83' lang='lat' dir='ltr'><strong>harboris</strong></span> <span class='ocrx_word' id='word_1_207' title='bbox 1872 2951 2164 3015; x_wconf 89' lang='lat' dir='ltr'><strong>pulcerrime</strong></span> <span class='ocrx_word' id='word_1_208' title='bbox 2189 2963 2326 3014; x_wconf 87' lang='lat' dir='ltr'><strong>patu—</strong></span> 
     </span>
    </p>
   </div>
   <div class='ocr_carea' id='block_1_16' title="bbox 619 3083 1034 3116">
    <p class='ocr_par' dir='ltr' id='par_1_24' title="bbox 619 3083 1034 3116">
     <span class='ocr_line' id='line_1_34' title="bbox 619 3083 1034 3116; baseline 0 -7"><span class='ocrx_word' id='word_1_209' title='bbox 619 3093 649 3115; x_wconf 84' lang='lat'><strong>14</strong></span> <span class='ocrx_word' id='word_1_210' title='bbox 662 3089 704 3109; x_wconf 86' lang='lat' dir='ltr'><strong>est</strong></span> <span class='ocrx_word' id='word_1_211' title='bbox 717 3083 784 3109; x_wconf 80' lang='lat' dir='ltr'><strong>add.</strong></span> <span class='ocrx_word' id='word_1_212' title='bbox 801 3093 895 3116; x_wconf 83' lang='lat' dir='ltr'><strong>marg.</strong></span> <span class='ocrx_word' id='word_1_213' title='bbox 911 3091 927 3109; x_wconf 86' lang='lat'><em>2</em></span> <span class='ocrx_word' id='word_1_214' title='bbox 940 3093 1034 3110; x_wconf 82' lang='lat' dir='ltr'><strong>manu</strong></span> 
     </span>
    </p>
   </div>
   <div class='ocr_carea' id='block_1_17' title="bbox 516 3183 2323 3273">
    <p class='ocr_par' dir='ltr' id='par_1_25' title="bbox 516 3183 2323 3273">
     <span class='ocr_line' id='line_1_35' title="bbox 559 3183 2323 3227; baseline -0.001 -11"><span class='ocrx_word' id='word_1_215' title='bbox 559 3191 577 3225; x_wconf 93' lang='lat'><strong><em>7</em></strong></span> <span class='ocrx_word' id='word_1_216' title='bbox 609 3189 731 3226; x_wconf 72' lang='lat' dir='ltr'><strong>quarta</strong></span> <span class='ocrx_word' id='word_1_217' title='bbox 760 3185 884 3216; x_wconf 78' lang='lat' dir='ltr'><strong>decima</strong></span> <span class='ocrx_word' id='word_1_218' title='bbox 914 3185 979 3225; x_wconf 83' lang='lat' dir='ltr'><strong>die]</strong></span> <span class='ocrx_word' id='word_1_219' title='bbox 1007 3184 1103 3217; x_wconf 89' lang='lat' dir='ltr'><strong>Conf.</strong></span> <span class='ocrx_word' id='word_1_220' title='bbox 1134 3185 1168 3216; x_wconf 90' lang='lat' dir='ltr'><strong>in</strong></span> <span class='ocrx_word' id='word_1_221' title='bbox 1202 3185 1296 3218; x_wconf 88' lang='lat' dir='ltr'><strong>Brev.</strong></span> <span class='ocrx_word' id='word_1_222' title='bbox 1325 3186 1423 3217; x_wconf 91' lang='lat' dir='ltr'><strong>Rom.</strong></span> <span class='ocrx_word' id='word_1_223' title='bbox 1461 3184 1722 3227; x_wconf 86' lang='lat' dir='ltr'><strong>Responsorium</strong></span> <span class='ocrx_word' id='word_1_224' title='bbox 1756 3185 1770 3215; x_wconf 95' lang='grc' dir='ltr'>Ι</span> <span class='ocrx_word' id='word_1_225' title='bbox 1803 3183 1984 3216; x_wconf 85' lang='lat' dir='ltr'><strong>Dominica</strong></span> <span class='ocrx_word' id='word_1_226' title='bbox 2014 3184 2055 3216; x_wconf 91' lang='lat' dir='ltr'><strong>de</strong></span> <span class='ocrx_word' id='word_1_227' title='bbox 2096 3183 2252 3216; x_wconf 87' lang='lat' dir='ltr'><strong>Passione</strong></span> <span class='ocrx_word' id='word_1_228' title='bbox 2282 3184 2323 3215; x_wconf 88' lang='lat' dir='ltr'><strong>ad</strong></span> 
     </span>
     <span class='ocr_line' id='line_1_36' title="bbox 516 3241 731 3273; baseline -0.009 0"><span class='ocrx_word' id='word_1_229' title='bbox 516 3241 731 3273; x_wconf 86' lang='lat' dir='ltr'><strong>Matutinum.</strong></span> 
     </span>
    </p>
   </div>
  </div>
 </body>
</html>
