<?xml version="1.0" encoding="UTF-8"?>
<!DOCTYPE html PUBLIC "-//W3C//DTD XHTML 1.0 Transitional//EN"
    "http://www.w3.org/TR/xhtml1/DTD/xhtml1-transitional.dtd">
<html xmlns="http://www.w3.org/1999/xhtml" xml:lang="en" lang="en">
 <head>
  <title>
</title>
<meta http-equiv="Content-Type" content="text/html;charset=utf-8" />
  <meta name='ocr-system' content='tesseract 3.04.00' />
  <meta name='ocr-capabilities' content='ocr_page ocr_carea ocr_par ocr_line ocrx_word'/>
</head>
<body>
  <div class='ocr_page' id='page_1' title='image "./libercomicussive00moriuoft/libercomicussive00moriuoft_0453.png"; bbox 0 0 2554 3658; ppageno 0'>
   <div class='ocr_carea' id='block_1_1' title="bbox 857 358 2051 403">
    <p class='ocr_par' dir='ltr' id='par_1_1' title="bbox 857 358 2051 403">
     <span class='ocr_line' id='line_1_1' title="bbox 857 358 2051 403; baseline -0.003 -10"><span class='ocrx_word' id='word_1_1' title='bbox 857 359 1110 393; x_wconf 80' lang='lat' dir='ltr'><strong>HOMILIAE</strong></span> <span class='ocrx_word' id='word_1_2' title='bbox 1145 358 1461 391; x_wconf 78' lang='lat' dir='ltr'><strong>TOLETANAE.</strong></span> <span class='ocrx_word' id='word_1_3' title='bbox 1962 358 2051 403; x_wconf 77' lang='lat'><strong>421</strong></span> 
     </span>
    </p>
   </div>
   <div class='ocr_carea' id='block_1_2' title="bbox 250 473 2060 671">
    <p class='ocr_par' dir='ltr' id='par_1_2' title="bbox 250 473 2060 671">
     <span class='ocr_line' id='line_1_2' title="bbox 311 473 2060 526; baseline -0.004 -9"><span class='ocrx_word' id='word_1_4' title='bbox 311 478 336 520; x_wconf 89' lang='lat' dir='ltr'><strong>f.</strong></span> <span class='ocrx_word' id='word_1_5' title='bbox 360 489 446 521; x_wconf 92' lang='lat'><strong>200</strong></span> <span class='ocrx_word' id='word_1_6' title='bbox 468 478 651 526; x_wconf 87' lang='lat' dir='ltr'>Incipit</span> <span class='ocrx_word' id='word_1_7' title='bbox 664 476 910 524; x_wconf 81' lang='lat' dir='ltr'>expositio</span> <span class='ocrx_word' id='word_1_8' title='bbox 926 475 1084 513; x_wconf 87' lang='lat' dir='ltr'><strong>sancti</strong></span> <span class='ocrx_word' id='word_1_9' title='bbox 1097 474 1373 521; x_wconf 83' lang='lat' dir='ltr'><strong>aeuangelii</strong></span> <span class='ocrx_word' id='word_1_10' title='bbox 1389 501 1398 511; x_wconf 97' lang='lat'>.</span> <span class='ocrx_word' id='word_1_11' title='bbox 1415 473 1502 512; x_wconf 88' lang='lat' dir='ltr'><strong>ubi</strong></span> <span class='ocrx_word' id='word_1_12' title='bbox 1523 477 1621 521; x_wconf 85' lang='lat' dir='ltr'><strong>ayt.</strong></span> <span class='ocrx_word' id='word_1_13' title='bbox 1648 474 1843 511; x_wconf 87' lang='lat' dir='ltr'><strong>Nesciat</strong></span> <span class='ocrx_word' id='word_1_14' title='bbox 1859 473 2060 510; x_wconf 84' lang='lat' dir='ltr'><strong>sinistra</strong></span> 
     </span>
     <span class='ocr_line' id='line_1_3' title="bbox 251 540 2060 596; baseline -0.003 -9"><span class='ocrx_word' id='word_1_15' title='bbox 251 552 338 587; x_wconf 88' lang='lat' dir='ltr'><strong>tua</strong></span> <span class='ocrx_word' id='word_1_16' title='bbox 359 575 369 586; x_wconf 93' lang='lat'>.</span> <span class='ocrx_word' id='word_1_17' title='bbox 391 547 514 596; x_wconf 89' lang='lat' dir='ltr'><strong>quid</strong></span> <span class='ocrx_word' id='word_1_18' title='bbox 535 547 682 586; x_wconf 83' lang='lat' dir='ltr'><strong>faciat</strong></span> <span class='ocrx_word' id='word_1_19' title='bbox 701 546 910 585; x_wconf 86' lang='lat' dir='ltr'><strong>dextera</strong></span> <span class='ocrx_word' id='word_1_20' title='bbox 930 546 1028 582; x_wconf 84' lang='lat' dir='ltr'><strong>tua.</strong></span> <span class='ocrx_word' id='word_1_21' title='bbox 1054 542 1327 596; x_wconf 85' lang='lat' dir='ltr'><strong>Euangelica</strong></span> <span class='ocrx_word' id='word_1_22' title='bbox 1349 542 1553 591; x_wconf 89' lang='lat' dir='ltr'><strong>lectione,</strong></span> <span class='ocrx_word' id='word_1_23' title='bbox 1586 540 1740 582; x_wconf 87' lang='lat' dir='ltr'><strong>fratres</strong></span> <span class='ocrx_word' id='word_1_24' title='bbox 1769 540 2060 590; x_wconf 86' lang='lat' dir='ltr'><strong>dilectissimi,</strong></span> 
     </span>
     <span class='ocr_line' id='line_1_4' title="bbox 250 609 2056 671; baseline -0.003 -13"><span class='ocrx_word' id='word_1_25' title='bbox 250 621 364 671; x_wconf 87' lang='lat' dir='ltr'><strong>quae</strong></span> <span class='ocrx_word' id='word_1_26' title='bbox 386 616 514 658; x_wconf 91' lang='lat' dir='ltr'><strong>nobis</strong></span> <span class='ocrx_word' id='word_1_27' title='bbox 537 616 673 656; x_wconf 90' lang='lat' dir='ltr'><strong>modo</strong></span> <span class='ocrx_word' id='word_1_28' title='bbox 694 614 879 656; x_wconf 87' lang='lat' dir='ltr'><strong>recitata</strong></span> <span class='ocrx_word' id='word_1_29' title='bbox 900 620 966 654; x_wconf 90' lang='lat' dir='ltr'><strong>est</strong></span> <span class='ocrx_word' id='word_1_30' title='bbox 992 644 1097 654; x_wconf 89' lang='grc'><strong>......</strong></span> <span class='ocrx_word' id='word_1_31' title='bbox 1124 619 1331 654; x_wconf 87' lang='lat' dir='ltr'>aeternae</span> <span class='ocrx_word' id='word_1_32' title='bbox 1354 611 1643 653; x_wconf 85' lang='lat' dir='ltr'><strong>beatitudinis</strong></span> <span class='ocrx_word' id='word_1_33' title='bbox 1667 610 1891 651; x_wconf 89' lang='lat' dir='ltr'><strong>faciamus.</strong></span> <span class='ocrx_word' id='word_1_34' title='bbox 1923 609 2056 664; x_wconf 81' lang='lat' dir='ltr'><strong>Quod</strong></span> 
     </span>
    </p>
   </div>
   <div class='ocr_carea' id='block_1_3' title="bbox 204 685 938 740">
    <p class='ocr_par' dir='ltr' id='par_1_3' title="bbox 204 685 938 740">
     <span class='ocr_line' id='line_1_5' title="bbox 204 685 938 740; baseline -0.004 -14"><span class='ocrx_word' id='word_1_35' title='bbox 204 710 208 713; x_wconf 93' lang='lat'>-</span> <span class='ocrx_word' id='word_1_36' title='bbox 249 685 344 740; x_wconf 89' lang='lat' dir='ltr'><strong>ipse</strong></span> <span class='ocrx_word' id='word_1_37' title='bbox 366 691 589 739; x_wconf 89' lang='lat' dir='ltr'><strong>praestare</strong></span> <span class='ocrx_word' id='word_1_38' title='bbox 611 685 834 738; x_wconf 86' lang='lat' dir='ltr'>dignetur,</span> <span class='ocrx_word' id='word_1_39' title='bbox 856 689 938 724; x_wconf 92' lang='lat' dir='ltr'><strong>etc.</strong></span> 
     </span>
    </p>
   </div>
   <div class='ocr_carea' id='block_1_4' title="bbox 304 780 1238 842">
    <p class='ocr_par' dir='ltr' id='par_1_4' title="bbox 304 780 1238 842">
     <span class='ocr_line' id='line_1_6' title="bbox 304 780 1238 842; baseline -0.004 -11"><span class='ocrx_word' id='word_1_40' title='bbox 304 791 411 832; x_wconf 89' lang='lat' dir='ltr'><strong>Cod.-</strong></span> <span class='ocrx_word' id='word_1_41' title='bbox 433 780 594 830; x_wconf 84' lang='lat' dir='ltr'><strong>Durlac.</strong></span> <span class='ocrx_word' id='word_1_42' title='bbox 617 803 730 830; x_wconf 92' lang='lat' dir='ltr'><strong>serm.</strong></span> <span class='ocrx_word' id='word_1_43' title='bbox 760 802 804 839; x_wconf 94' lang='lat'><strong>17</strong></span> <span class='ocrx_word' id='word_1_44' title='bbox 828 789 1031 842; x_wconf 86' lang='lat' dir='ltr'><strong>(Engelbr.</strong></span> <span class='ocrx_word' id='word_1_45' title='bbox 1065 801 1100 839; x_wconf 94' lang='lat' dir='ltr'><strong>p.</strong></span> <span class='ocrx_word' id='word_1_46' title='bbox 1127 787 1238 840; x_wconf 90' lang='lat'><strong>289).</strong></span> 
     </span>
    </p>
   </div>
   <div class='ocr_carea' id='block_1_5' title="bbox 253 886 2062 1031">
    <p class='ocr_par' dir='ltr' id='par_1_5' title="bbox 253 886 2062 1031">
     <span class='ocr_line' id='line_1_7' title="bbox 311 886 2062 960; baseline 0.001 -14"><span class='ocrx_word' id='word_1_47' title='bbox 311 907 337 949; x_wconf 87' lang='lat' dir='ltr'><strong>f.</strong></span> <span class='ocrx_word' id='word_1_48' title='bbox 361 918 442 960; x_wconf 87' lang='lat'><strong>203</strong></span> <span class='ocrx_word' id='word_1_49' title='bbox 469 907 654 956; x_wconf 86' lang='lat' dir='ltr'><strong>Incipit</strong></span> <span class='ocrx_word' id='word_1_50' title='bbox 682 906 745 945; x_wconf 92' lang='lat' dir='ltr'><strong>de</strong></span> <span class='ocrx_word' id='word_1_51' title='bbox 766 886 1031 946; x_wconf 81' lang='lat' dir='ltr'><strong>uocatione</strong></span> <span class='ocrx_word' id='word_1_52' title='bbox 1048 905 1181 945; x_wconf 86' lang='lat' dir='ltr'><strong>beati</strong></span> <span class='ocrx_word' id='word_1_53' title='bbox 1211 905 1416 944; x_wconf 87' lang='lat' dir='ltr'><strong>Abraae.</strong></span> <span class='ocrx_word' id='word_1_54' title='bbox 1449 905 1590 947; x_wconf 93' lang='lat' dir='ltr'><strong>Modo</strong></span> <span class='ocrx_word' id='word_1_55' title='bbox 1619 918 1719 946; x_wconf 94' lang='lat' dir='ltr'><strong>cum</strong></span> <span class='ocrx_word' id='word_1_56' title='bbox 1747 905 1902 948; x_wconf 91' lang='lat' dir='ltr'><strong>diuina</strong></span> <span class='ocrx_word' id='word_1_57' title='bbox 1931 905 2062 948; x_wconf 92' lang='lat' dir='ltr'><strong>lectio</strong></span> 
     </span>
     <span class='ocr_line' id='line_1_8' title="bbox 253 973 1709 1031; baseline 0 -13"><span class='ocrx_word' id='word_1_58' title='bbox 253 976 475 1031; x_wconf 86' lang='lat' dir='ltr'><strong>legeretur</strong></span> <span class='ocrx_word' id='word_1_59' title='bbox 500 1009 606 1018; x_wconf 90' lang='grc'><strong><em>......</em></strong></span> <span class='ocrx_word' id='word_1_60' title='bbox 631 973 812 1017; x_wconf 89' lang='lat' dir='ltr'><strong>aeterna</strong></span> <span class='ocrx_word' id='word_1_61' title='bbox 834 975 974 1030; x_wconf 90' lang='lat' dir='ltr'><strong>gloria</strong></span> <span class='ocrx_word' id='word_1_62' title='bbox 996 974 1225 1018; x_wconf 88' lang='lat' dir='ltr'><strong>tribuatur.</strong></span> <span class='ocrx_word' id='word_1_63' title='bbox 1250 977 1333 1017; x_wconf 93' lang='lat' dir='ltr'><strong>Per</strong></span> <span class='ocrx_word' id='word_1_64' title='bbox 1353 976 1601 1027; x_wconf 91' lang='lat' dir='ltr'><strong>dominum,</strong></span> <span class='ocrx_word' id='word_1_65' title='bbox 1623 982 1709 1018; x_wconf 91' lang='lat' dir='ltr'><strong>etc.</strong></span> 
     </span>
    </p>
   </div>
   <div class='ocr_carea' id='block_1_6' title="bbox 255 1083 2066 1202">
    <p class='ocr_par' dir='ltr' id='par_1_6' title="bbox 255 1083 2066 1191">
     <span class='ocr_line' id='line_1_9' title="bbox 307 1083 2064 1136; baseline 0 -12"><span class='ocrx_word' id='word_1_66' title='bbox 307 1085 411 1124; x_wconf 91' lang='lat' dir='ltr'><strong>Cod.</strong></span> <span class='ocrx_word' id='word_1_67' title='bbox 441 1084 601 1123; x_wconf 90' lang='lat' dir='ltr'><strong>Durlac.</strong></span> <span class='ocrx_word' id='word_1_68' title='bbox 635 1095 750 1123; x_wconf 89' lang='lat' dir='ltr'><strong>serm.</strong></span> <span class='ocrx_word' id='word_1_69' title='bbox 787 1084 834 1121; x_wconf 93' lang='lat'><strong>18</strong></span> <span class='ocrx_word' id='word_1_70' title='bbox 869 1083 1093 1134; x_wconf 84' lang='lat' dir='ltr'><strong>(Engelbr.</strong></span> <span class='ocrx_word' id='word_1_71' title='bbox 1106 1096 1144 1133; x_wconf 94' lang='lat' dir='ltr'><strong>p.</strong></span> <span class='ocrx_word' id='word_1_72' title='bbox 1182 1083 1286 1134; x_wconf 88' lang='lat'><strong>29²)·</strong></span> <span class='ocrx_word' id='word_1_73' title='bbox 1331 1085 1411 1124; x_wconf 90' lang='lat' dir='ltr'><strong>Sed</strong></span> <span class='ocrx_word' id='word_1_74' title='bbox 1449 1097 1520 1134; x_wconf 93' lang='lat' dir='ltr'><strong>pro</strong></span> <span class='ocrx_word' id='word_1_75' title='bbox 1560 1084 1820 1125; x_wconf 87' lang='lat' dir='ltr'><strong>conclusione</strong></span> <span class='ocrx_word' id='word_1_76' title='bbox 1854 1084 2064 1136; x_wconf 90' lang='lat' dir='ltr'><strong>antiquarii</strong></span> 
     </span>
     <span class='ocr_line' id='line_1_10' title="bbox 255 1137 2066 1202; baseline 0.001 -24"><span class='ocrx_word' id='word_1_77' title='bbox 255 1138 463 1178; x_wconf 88' lang='lat' dir='ltr'><strong>oscitantia</strong></span> <span class='ocrx_word' id='word_1_78' title='bbox 483 1138 649 1188; x_wconf 90' lang='lat' dir='ltr'><strong>abrupte</strong></span> <span class='ocrx_word' id='word_1_79' title='bbox 663 1138 821 1176; x_wconf 83' lang='lat' dir='ltr'><strong>affertur</strong></span> <span class='ocrx_word' id='word_1_80' title='bbox 835 1144 1034 1188; x_wconf 90' lang='lat' dir='ltr'><strong>postrema</strong></span> <span class='ocrx_word' id='word_1_81' title='bbox 1054 1149 1141 1188; x_wconf 90' lang='lat' dir='ltr'><strong>pars</strong></span> <span class='ocrx_word' id='word_1_82' title='bbox 1161 1137 1350 1178; x_wconf 87' lang='lat' dir='ltr'><strong>homiliae</strong></span> <span class='ocrx_word' id='word_1_83' title='bbox 1370 1139 1537 1190; x_wconf 90' lang='lat' dir='ltr'><strong>pseudo·</strong></span> <span class='ocrx_word' id='word_1_84' title='bbox 1540 1138 1843 1202; x_wconf 80' lang='lat' dir='ltr'><strong>augustinianae</strong></span> <span class='ocrx_word' id='word_1_85' title='bbox 1858 1142 1948 1191; x_wconf 87' lang='lat'><strong>306,</strong></span> <span class='ocrx_word' id='word_1_86' title='bbox 1971 1140 2066 1180; x_wconf 88' lang='lat' dir='ltr'><strong>inde</strong></span> 
     </span>
    </p>
   </div>
   <div class='ocr_carea' id='block_1_7' title="bbox 254 1192 1841 1244">
    <p class='ocr_par' dir='ltr' id='par_1_7' title="bbox 254 1192 1841 1244">
     <span class='ocr_line' id='line_1_11' title="bbox 254 1192 1841 1244; baseline -0.005 0"><span class='ocrx_word' id='word_1_87' title='bbox 254 1205 333 1232; x_wconf 74' lang='lat' dir='ltr'><strong>an·</strong></span> <span class='ocrx_word' id='word_1_88' title='bbox 359 1192 571 1244; x_wconf 76' lang='lat' dir='ltr'><strong>3(Migne‚</strong></span> <span class='ocrx_word' id='word_1_89' title='bbox 595 1204 658 1242; x_wconf 88' lang='lat'><strong>39</strong></span> <span class='ocrx_word' id='word_1_90' title='bbox 683 1197 815 1243; x_wconf 85' lang='lat'>2333)</span> <span class='ocrx_word' id='word_1_91' title='bbox 1814 1214 1841 1236; x_wconf 61' lang='lat'><em>0</em></span> 
     </span>
    </p>
   </div>
   <div class='ocr_carea' id='block_1_8' title="bbox 254 1306 2065 1431">
    <p class='ocr_par' dir='ltr' id='par_1_8' title="bbox 254 1306 2065 1431">
     <span class='ocr_line' id='line_1_12' title="bbox 313 1306 2065 1361; baseline 0.001 -11"><span class='ocrx_word' id='word_1_92' title='bbox 313 1308 338 1350; x_wconf 94' lang='lat' dir='ltr'><strong>f.</strong></span> <span class='ocrx_word' id='word_1_93' title='bbox 363 1318 446 1361; x_wconf 89' lang='lat'><strong>207</strong></span> <span class='ocrx_word' id='word_1_94' title='bbox 470 1306 692 1349; x_wconf 88' lang='lat' dir='ltr'><strong>Dominus</strong></span> <span class='ocrx_word' id='word_1_95' title='bbox 726 1312 770 1348; x_wconf 89' lang='lat' dir='ltr'><strong>et</strong></span> <span class='ocrx_word' id='word_1_96' title='bbox 804 1306 913 1348; x_wconf 92' lang='lat' dir='ltr'><strong>deus</strong></span> <span class='ocrx_word' id='word_1_97' title='bbox 936 1312 1085 1349; x_wconf 89' lang='lat' dir='ltr'><strong>noster</strong></span> <span class='ocrx_word' id='word_1_98' title='bbox 1107 1340 1115 1350; x_wconf 93' lang='lat'><strong>.</strong></span> <span class='ocrx_word' id='word_1_99' title='bbox 1139 1307 1387 1350; x_wconf 86' lang='lat' dir='ltr'><strong>misericors</strong></span> <span class='ocrx_word' id='word_1_100' title='bbox 1409 1313 1453 1350; x_wconf 91' lang='lat' dir='ltr'><strong>et</strong></span> <span class='ocrx_word' id='word_1_101' title='bbox 1477 1308 1710 1351; x_wconf 78' lang='lat' dir='ltr'><strong>miseratOr</strong></span> <span class='ocrx_word' id='word_1_102' title='bbox 1734 1341 1840 1351; x_wconf 89' lang='lat'>......</span> <span class='ocrx_word' id='word_1_103' title='bbox 1866 1309 2065 1351; x_wconf 90' lang='lat' dir='ltr'><strong>nondum</strong></span> 
     </span>
     <span class='ocr_line' id='line_1_13' title="bbox 254 1376 1028 1431; baseline 0 -13"><span class='ocrx_word' id='word_1_104' title='bbox 254 1377 378 1419; x_wconf 93' lang='lat' dir='ltr'><strong>illum</strong></span> <span class='ocrx_word' id='word_1_105' title='bbox 401 1376 595 1419; x_wconf 87' lang='lat' dir='ltr'><strong>delectat</strong></span> <span class='ocrx_word' id='word_1_106' title='bbox 617 1376 736 1431; x_wconf 93' lang='lat' dir='ltr'><strong>quod</strong></span> <span class='ocrx_word' id='word_1_107' title='bbox 759 1376 927 1418; x_wconf 91' lang='lat' dir='ltr'><strong>bonum</strong></span> <span class='ocrx_word' id='word_1_108' title='bbox 951 1383 1028 1418; x_wconf 90' lang='lat' dir='ltr'><strong>est.</strong></span> 
     </span>
    </p>
   </div>
   <div class='ocr_carea' id='block_1_9' title="bbox 308 1479 1250 1535">
    <p class='ocr_par' dir='ltr' id='par_1_9' title="bbox 308 1479 1250 1535">
     <span class='ocr_line' id='line_1_14' title="bbox 308 1479 1250 1535; baseline 0 -11"><span class='ocrx_word' id='word_1_109' title='bbox 308 1485 368 1524; x_wconf 89' lang='lat' dir='ltr'><strong>Ex</strong></span> <span class='ocrx_word' id='word_1_110' title='bbox 387 1496 571 1525; x_wconf 87' lang='lat' dir='ltr'><strong>sermone</strong></span> <span class='ocrx_word' id='word_1_111' title='bbox 592 1496 701 1524; x_wconf 90' lang='lat' dir='ltr'><strong>nono</strong></span> <span class='ocrx_word' id='word_1_112' title='bbox 721 1482 847 1523; x_wconf 84' lang='lat' dir='ltr'><strong>sancti</strong></span> <span class='ocrx_word' id='word_1_113' title='bbox 870 1479 1092 1535; x_wconf 84' lang='lat' dir='ltr'><strong>Augustini,</strong></span> <span class='ocrx_word' id='word_1_114' title='bbox 1114 1496 1150 1524; x_wconf 89' lang='lat' dir='ltr'><strong>n.</strong></span> <span class='ocrx_word' id='word_1_115' title='bbox 1178 1485 1250 1524; x_wconf 89' lang='lat'><strong>1-8.</strong></span> 
     </span>
    </p>
   </div>
   <div class='ocr_carea' id='block_1_10' title="bbox 252 1600 2066 1796">
    <p class='ocr_par' dir='ltr' id='par_1_10' title="bbox 252 1600 2066 1796">
     <span class='ocr_line' id='line_1_15' title="bbox 311 1600 2066 1656; baseline 0 -13"><span class='ocrx_word' id='word_1_116' title='bbox 311 1603 338 1645; x_wconf 91' lang='lat' dir='ltr'><strong>f.</strong></span> <span class='ocrx_word' id='word_1_117' title='bbox 361 1610 465 1656; x_wconf 85' lang='lat'><strong>215</strong></span> <span class='ocrx_word' id='word_1_118' title='bbox 489 1603 672 1650; x_wconf 89' lang='lat' dir='ltr'><strong>Incipit</strong></span> <span class='ocrx_word' id='word_1_119' title='bbox 694 1610 858 1640; x_wconf 90' lang='lat' dir='ltr'><strong>sermo</strong></span> <span class='ocrx_word' id='word_1_120' title='bbox 879 1601 1220 1639; x_wconf 85' lang='lat' dir='ltr'><strong>exortaturius</strong></span> <span class='ocrx_word' id='word_1_121' title='bbox 1239 1600 1303 1639; x_wconf 88' lang='lat' dir='ltr'><strong>ad</strong></span> <span class='ocrx_word' id='word_1_122' title='bbox 1322 1601 1584 1649; x_wconf 89' lang='lat' dir='ltr'><strong>populum.</strong></span> <span class='ocrx_word' id='word_1_123' title='bbox 1617 1601 1794 1642; x_wconf 88' lang='lat' dir='ltr'><strong>Fratres</strong></span> <span class='ocrx_word' id='word_1_124' title='bbox 1831 1600 2066 1653; x_wconf 88' lang='lat' dir='ltr'><strong>karissimi,</strong></span> 
     </span>
     <span class='ocr_line' id='line_1_16' title="bbox 252 1669 2066 1749; baseline 0.001 -36"><span class='ocrx_word' id='word_1_125' title='bbox 252 1672 310 1714; x_wconf 88' lang='lat' dir='ltr'><strong>ad</strong></span> <span class='ocrx_word' id='word_1_126' title='bbox 335 1671 596 1713; x_wconf 87' lang='lat' dir='ltr'><strong>memoriam</strong></span> <span class='ocrx_word' id='word_1_127' title='bbox 619 1675 814 1712; x_wconf 89' lang='lat' dir='ltr'><strong>uestram</strong></span> <span class='ocrx_word' id='word_1_128' title='bbox 824 1669 1082 1749; x_wconf 89' lang='lat' dir='ltr'><strong>reducimus</strong></span> <span class='ocrx_word' id='word_1_129' title='bbox 1098 1703 1204 1712; x_wconf 93' lang='grc'><strong>......</strong></span> <span class='ocrx_word' id='word_1_130' title='bbox 1221 1682 1336 1724; x_wconf 90' lang='lat' dir='ltr'><strong>quae</strong></span> <span class='ocrx_word' id='word_1_131' title='bbox 1350 1672 1632 1726; x_wconf 85' lang='lat' dir='ltr'><strong>praeparauit</strong></span> <span class='ocrx_word' id='word_1_132' title='bbox 1649 1671 1759 1713; x_wconf 88' lang='lat' dir='ltr'><strong>deus</strong></span> <span class='ocrx_word' id='word_1_133' title='bbox 1776 1672 2066 1726; x_wconf 88' lang='lat' dir='ltr'><strong>diligentibus</strong></span> 
     </span>
     <span class='ocr_line' id='line_1_17' title="bbox 256 1741 839 1796; baseline -0.004 -13"><span class='ocrx_word' id='word_1_134' title='bbox 256 1755 314 1784; x_wconf 89' lang='lat' dir='ltr'><strong>se.</strong></span> <span class='ocrx_word' id='word_1_135' title='bbox 338 1741 445 1796; x_wconf 89' lang='lat' dir='ltr'><strong>Ipso</strong></span> <span class='ocrx_word' id='word_1_136' title='bbox 468 1746 736 1796; x_wconf 87' lang='lat' dir='ltr'><strong>praestante,</strong></span> <span class='ocrx_word' id='word_1_137' title='bbox 758 1745 839 1782; x_wconf 90' lang='lat' dir='ltr'><strong>etc.</strong></span> 
     </span>
    </p>
   </div>
   <div class='ocr_carea' id='block_1_11' title="bbox 254 1852 2066 1971">
    <p class='ocr_par' dir='ltr' id='par_1_11' title="bbox 254 1852 2066 1960">
     <span class='ocr_line' id='line_1_18' title="bbox 310 1852 2066 1907; baseline 0.002 -14"><span class='ocrx_word' id='word_1_138' title='bbox 310 1855 411 1894; x_wconf 90' lang='lat' dir='ltr'><strong>Est</strong></span> <span class='ocrx_word' id='word_1_139' title='bbox 401 1867 439 1892; x_wconf 77' lang='lat' dir='ltr'><strong>in</strong></span> <span class='ocrx_word' id='word_1_140' title='bbox 463 1853 715 1893; x_wconf 89' lang='lat' dir='ltr'><strong>Bibliotheca</strong></span> <span class='ocrx_word' id='word_1_141' title='bbox 737 1855 896 1892; x_wconf 88' lang='lat' dir='ltr'><strong>Patrum</strong></span> <span class='ocrx_word' id='word_1_142' title='bbox 919 1852 1083 1892; x_wconf 88' lang='lat' dir='ltr'><strong>homilia</strong></span> <span class='ocrx_word' id='word_1_143' title='bbox 1102 1853 1354 1903; x_wconf 88' lang='lat' dir='ltr'><strong>Caesarii42,</strong></span> <span class='ocrx_word' id='word_1_144' title='bbox 1376 1855 1447 1894; x_wconf 91' lang='lat' dir='ltr'><strong>sed</strong></span> <span class='ocrx_word' id='word_1_145' title='bbox 1468 1854 1715 1905; x_wconf 85' lang='lat' dir='ltr'><strong>interpolata,</strong></span> <span class='ocrx_word' id='word_1_146' title='bbox 1737 1855 2066 1907; x_wconf 87' lang='lat' dir='ltr'><strong>quandoquidem</strong></span> 
     </span>
     <span class='ocr_line' id='line_1_19' title="bbox 254 1907 1683 1971; baseline 0 -23"><span class='ocrx_word' id='word_1_147' title='bbox 254 1908 294 1948; x_wconf 88' lang='lat' dir='ltr'><strong>in</strong></span> <span class='ocrx_word' id='word_1_148' title='bbox 323 1921 370 1948; x_wconf 90' lang='lat' dir='ltr'><strong>ea</strong></span> <span class='ocrx_word' id='word_1_149' title='bbox 390 1908 562 1948; x_wconf 90' lang='lat' dir='ltr'><strong>citantur</strong></span> <span class='ocrx_word' id='word_1_150' title='bbox 582 1909 708 1947; x_wconf 91' lang='lat' dir='ltr'><strong>multo</strong></span> <span class='ocrx_word' id='word_1_151' title='bbox 739 1907 927 1949; x_wconf 87' lang='lat' dir='ltr'><strong>Caesario</strong></span> <span class='ocrx_word' id='word_1_152' title='bbox 949 1908 1188 1969; x_wconf 89' lang='lat' dir='ltr'><strong>recentiores</strong></span> <span class='ocrx_word' id='word_1_153' title='bbox 1208 1910 1421 1971; x_wconf 77' lang='lat' dir='ltr'><strong>Gregorius</strong></span> <span class='ocrx_word' id='word_1_154' title='bbox 1437 1915 1476 1949; x_wconf 90' lang='lat' dir='ltr'><strong>et</strong></span> <span class='ocrx_word' id='word_1_155' title='bbox 1493 1908 1683 1948; x_wconf 91' lang='lat' dir='ltr'><strong>Isidorus.</strong></span> 
     </span>
    </p>
   </div>
   <div class='ocr_carea' id='block_1_12' title="bbox 252 2019 2065 2146">
    <p class='ocr_par' dir='ltr' id='par_1_12' title="bbox 252 2019 2065 2146">
     <span class='ocr_line' id='line_1_20' title="bbox 310 2019 2065 2076; baseline 0.001 -13"><span class='ocrx_word' id='word_1_156' title='bbox 310 2020 337 2063; x_wconf 90' lang='lat' dir='ltr'><strong>f.</strong></span> <span class='ocrx_word' id='word_1_157' title='bbox 361 2029 463 2075; x_wconf 89' lang='lat'><strong>219</strong></span> <span class='ocrx_word' id='word_1_158' title='bbox 503 2022 684 2069; x_wconf 87' lang='lat' dir='ltr'><strong>Incipit</strong></span> <span class='ocrx_word' id='word_1_159' title='bbox 718 2021 929 2069; x_wconf 85' lang='lat' dir='ltr'><strong>epistola</strong></span> <span class='ocrx_word' id='word_1_160' title='bbox 959 2020 1091 2059; x_wconf 87' lang='lat' dir='ltr'><strong>beati</strong></span> <span class='ocrx_word' id='word_1_161' title='bbox 1135 2019 1287 2057; x_wconf 87' lang='lat' dir='ltr'><strong>Pauli.</strong></span> <span class='ocrx_word' id='word_1_162' title='bbox 1328 2019 1504 2061; x_wconf 91' lang='lat' dir='ltr'><strong>Fratres</strong></span> <span class='ocrx_word' id='word_1_163' title='bbox 1542 2019 1776 2071; x_wconf 88' lang='lat' dir='ltr'><strong>karissimi,</strong></span> <span class='ocrx_word' id='word_1_164' title='bbox 1812 2021 2065 2076; x_wconf 90' lang='lat' dir='ltr'><strong>frequenter</strong></span> 
     </span>
     <span class='ocr_line' id='line_1_21' title="bbox 252 2088 2063 2146; baseline 0.002 -14"><span class='ocrx_word' id='word_1_165' title='bbox 252 2090 463 2142; x_wconf 86' lang='lat' dir='ltr'><strong>diximus,</strong></span> <span class='ocrx_word' id='word_1_166' title='bbox 480 2104 655 2145; x_wconf 89' lang='lat' dir='ltr'><strong>semper</strong></span> <span class='ocrx_word' id='word_1_167' title='bbox 678 2090 932 2144; x_wconf 87' lang='lat' dir='ltr'><strong>xpistianus</strong></span> <span class='ocrx_word' id='word_1_168' title='bbox 958 2122 1062 2130; x_wconf 91' lang='grc'>......</span> <span class='ocrx_word' id='word_1_169' title='bbox 1088 2088 1255 2130; x_wconf 89' lang='lat' dir='ltr'><strong>diaboli</strong></span> <span class='ocrx_word' id='word_1_170' title='bbox 1276 2095 1397 2131; x_wconf 91' lang='lat' dir='ltr'><strong>tutos</strong></span> <span class='ocrx_word' id='word_1_171' title='bbox 1414 2095 1619 2143; x_wconf 90' lang='lat' dir='ltr'><strong>prestare.</strong></span> <span class='ocrx_word' id='word_1_172' title='bbox 1640 2090 1722 2133; x_wconf 91' lang='lat' dir='ltr'><strong>Cui</strong></span> <span class='ocrx_word' id='word_1_173' title='bbox 1738 2092 1794 2133; x_wconf 90' lang='lat' dir='ltr'><strong>sit</strong></span> <span class='ocrx_word' id='word_1_174' title='bbox 1811 2092 1965 2146; x_wconf 77' lang='lat' dir='ltr'><strong>glorIa,</strong></span> <span class='ocrx_word' id='word_1_175' title='bbox 1980 2099 2063 2135; x_wconf 90' lang='lat' dir='ltr'><strong>etc.</strong></span> 
     </span>
    </p>
   </div>
   <div class='ocr_carea' id='block_1_13' title="bbox 251 2201 2060 2297">
    <p class='ocr_par' dir='ltr' id='par_1_13' title="bbox 251 2201 2060 2297">
     <span class='ocr_line' id='line_1_22' title="bbox 307 2201 2060 2264; baseline 0.002 -22"><span class='ocrx_word' id='word_1_176' title='bbox 307 2202 488 2243; x_wconf 91' lang='lat' dir='ltr'><strong>Homilia</strong></span> <span class='ocrx_word' id='word_1_177' title='bbox 508 2202 684 2244; x_wconf 92' lang='lat' dir='ltr'><strong>Caesarii</strong></span> <span class='ocrx_word' id='word_1_178' title='bbox 710 2215 763 2264; x_wconf 88' lang='lat'><strong>45</strong></span> <span class='ocrx_word' id='word_1_179' title='bbox 787 2202 827 2241; x_wconf 93' lang='lat' dir='ltr'><strong>in</strong></span> <span class='ocrx_word' id='word_1_180' title='bbox 850 2201 1102 2241; x_wconf 89' lang='lat' dir='ltr'><strong>Bibliotheca</strong></span> <span class='ocrx_word' id='word_1_181' title='bbox 1125 2203 1284 2241; x_wconf 90' lang='lat' dir='ltr'><strong>Patrum</strong></span> <span class='ocrx_word' id='word_1_182' title='bbox 1310 2201 1554 2243; x_wconf 89' lang='lat' dir='ltr'><strong>Coloniensi.</strong></span> <span class='ocrx_word' id='word_1_183' title='bbox 1585 2226 1639 2232; x_wconf 89' lang='lat'>—</span> <span class='ocrx_word' id='word_1_184' title='bbox 1669 2205 1843 2244; x_wconf 90' lang='lat' dir='ltr'><strong>Pseudo·</strong></span> <span class='ocrx_word' id='word_1_185' title='bbox 1833 2206 2060 2257; x_wconf 88' lang='lat' dir='ltr'><strong>-Augustini</strong></span> 
     </span>
     <span class='ocr_line' id='line_1_23' title="bbox 251 2256 916 2297; baseline -0.003 0"><span class='ocrx_word' id='word_1_186' title='bbox 251 2270 382 2297; x_wconf 89' lang='lat' dir='ltr'><strong>sermo</strong></span> <span class='ocrx_word' id='word_1_187' title='bbox 403 2260 454 2297; x_wconf 94' lang='lat'><strong>60</strong></span> <span class='ocrx_word' id='word_1_188' title='bbox 477 2258 527 2297; x_wconf 92' lang='lat' dir='ltr'><strong>ad</strong></span> <span class='ocrx_word' id='word_1_189' title='bbox 550 2256 718 2297; x_wconf 88' lang='lat' dir='ltr'><strong>fratres</strong></span> <span class='ocrx_word' id='word_1_190' title='bbox 709 2270 748 2296; x_wconf 83' lang='lat' dir='ltr'><strong>in</strong></span> <span class='ocrx_word' id='word_1_191' title='bbox 769 2269 916 2297; x_wconf 88' lang='lat' dir='ltr'><strong>eremo.</strong></span> 
     </span>
    </p>
   </div>
   <div class='ocr_carea' id='block_1_14' title="bbox 308 2367 2063 2422">
    <p class='ocr_par' dir='ltr' id='par_1_14' title="bbox 308 2367 2063 2422">
     <span class='ocr_line' id='line_1_24' title="bbox 308 2367 2063 2422; baseline -0.001 -10"><span class='ocrx_word' id='word_1_192' title='bbox 308 2369 334 2412; x_wconf 89' lang='lat' dir='ltr'><strong>f.</strong></span> <span class='ocrx_word' id='word_1_193' title='bbox 358 2381 438 2422; x_wconf 87' lang='lat'><strong>223</strong></span> <span class='ocrx_word' id='word_1_194' title='bbox 477 2370 699 2418; x_wconf 88' lang='lat' dir='ltr'><strong>Epistola</strong></span> <span class='ocrx_word' id='word_1_195' title='bbox 728 2369 860 2408; x_wconf 83' lang='lat' dir='ltr'><strong>beati</strong></span> <span class='ocrx_word' id='word_1_196' title='bbox 893 2367 1165 2406; x_wconf 88' lang='lat' dir='ltr'><strong>Clementis</strong></span> <span class='ocrx_word' id='word_1_197' title='bbox 1195 2368 1446 2415; x_wconf 90' lang='lat' dir='ltr'><strong>episcopi.</strong></span> <span class='ocrx_word' id='word_1_198' title='bbox 1469 2368 1658 2407; x_wconf 90' lang='lat' dir='ltr'><strong>directa</strong></span> <span class='ocrx_word' id='word_1_199' title='bbox 1687 2374 1858 2409; x_wconf 90' lang='lat' dir='ltr'><strong>sancto</strong></span> <span class='ocrx_word' id='word_1_200' title='bbox 1890 2372 2063 2412; x_wconf 87' lang='lat' dir='ltr'><strong>iacobo</strong></span> 
     </span>
    </p>
   </div>
   <div class='ocr_carea' id='block_1_15' title="bbox 250 2437 2061 2564">
    <p class='ocr_par' dir='ltr' id='par_1_15' title="bbox 250 2437 2061 2564">
     <span class='ocr_line' id='line_1_25' title="bbox 250 2437 2061 2494; baseline 0.002 -15"><span class='ocrx_word' id='word_1_201' title='bbox 250 2441 485 2488; x_wconf 91' lang='lat' dir='ltr'><strong>episcopo</strong></span> <span class='ocrx_word' id='word_1_202' title='bbox 507 2440 840 2478; x_wconf 88' lang='lat' dir='ltr'><strong>iherosolime.</strong></span> <span class='ocrx_word' id='word_1_203' title='bbox 866 2437 1074 2479; x_wconf 90' lang='lat' dir='ltr'><strong>Clemens</strong></span> <span class='ocrx_word' id='word_1_204' title='bbox 1091 2437 1256 2494; x_wconf 76' lang='lat' dir='ltr'><strong>Iacobo</strong></span> <span class='ocrx_word' id='word_1_205' title='bbox 1270 2437 1453 2478; x_wconf 89' lang='lat' dir='ltr'><strong>domino</strong></span> <span class='ocrx_word' id='word_1_206' title='bbox 1467 2443 1513 2479; x_wconf 91' lang='lat' dir='ltr'><strong>et</strong></span> <span class='ocrx_word' id='word_1_207' title='bbox 1526 2438 1737 2492; x_wconf 88' lang='lat' dir='ltr'><strong>episcopo</strong></span> <span class='ocrx_word' id='word_1_208' title='bbox 1751 2441 2061 2494; x_wconf 90' lang='lat' dir='ltr'><strong>episcoporum</strong></span> 
     </span>
     <span class='ocr_line' id='line_1_26' title="bbox 255 2506 1599 2564; baseline -0.003 -12"><span class='ocrx_word' id='word_1_209' title='bbox 255 2543 361 2553; x_wconf 88' lang='grc'><strong>......</strong></span> <span class='ocrx_word' id='word_1_210' title='bbox 388 2510 509 2552; x_wconf 86' lang='lat' dir='ltr'><strong>uitae</strong></span> <span class='ocrx_word' id='word_1_211' title='bbox 530 2510 729 2564; x_wconf 91' lang='lat' dir='ltr'><strong>praemia</strong></span> <span class='ocrx_word' id='word_1_212' title='bbox 751 2508 994 2563; x_wconf 90' lang='lat' dir='ltr'><strong>peruenire.</strong></span> <span class='ocrx_word' id='word_1_213' title='bbox 1018 2507 1278 2547; x_wconf 87' lang='lat' dir='ltr'><strong>Praestante</strong></span> <span class='ocrx_word' id='word_1_214' title='bbox 1299 2506 1497 2557; x_wconf 85' lang='lat' dir='ltr'><strong>domino,</strong></span> <span class='ocrx_word' id='word_1_215' title='bbox 1519 2513 1599 2548; x_wconf 90' lang='lat' dir='ltr'><strong>etc.</strong></span> 
     </span>
    </p>
   </div>
   <div class='ocr_carea' id='block_1_16' title="bbox 306 2619 1174 2670">
    <p class='ocr_par' dir='ltr' id='par_1_16' title="bbox 306 2619 1174 2670">
     <span class='ocr_line' id='line_1_27' title="bbox 306 2619 1174 2670; baseline -0.007 -8"><span class='ocrx_word' id='word_1_216' title='bbox 306 2622 612 2664; x_wconf 89' lang='lat' dir='ltr'><strong>Pseudo-Clem.</strong></span> <span class='ocrx_word' id='word_1_217' title='bbox 630 2619 729 2661; x_wconf 83' lang='lat' dir='ltr'><strong>Patr.</strong></span> <span class='ocrx_word' id='word_1_218' title='bbox 755 2622 822 2661; x_wconf 91' lang='lat' dir='ltr'><strong>Gr.</strong></span> <span class='ocrx_word' id='word_1_219' title='bbox 847 2621 865 2659; x_wconf 96' lang='lat' dir='ltr'><strong>I</strong></span> <span class='ocrx_word' id='word_1_220' title='bbox 885 2621 963 2670; x_wconf 83' lang='lat'><strong>463</strong></span> <span class='ocrx_word' id='word_1_221' title='bbox 985 2625 1023 2659; x_wconf 91' lang='lat' dir='ltr'><strong>et</strong></span> <span class='ocrx_word' id='word_1_222' title='bbox 1046 2619 1089 2657; x_wconf 90' lang='lat' dir='ltr'><strong>II</strong></span> <span class='ocrx_word' id='word_1_223' title='bbox 1113 2631 1174 2668; x_wconf 85' lang='lat'><strong>3¹·</strong></span> 
     </span>
    </p>
   </div>
   <div class='ocr_carea' id='block_1_17' title="bbox 253 2729 2063 2857">
    <p class='ocr_par' dir='ltr' id='par_1_17' title="bbox 253 2729 2063 2857">
     <span class='ocr_line' id='line_1_28' title="bbox 313 2729 2062 2786; baseline 0.001 -12"><span class='ocrx_word' id='word_1_224' title='bbox 313 2732 336 2774; x_wconf 88' lang='lat' dir='ltr'><strong>f.</strong></span> <span class='ocrx_word' id='word_1_225' title='bbox 361 2742 455 2786; x_wconf 85' lang='lat'><strong>225.</strong></span> <span class='ocrx_word' id='word_1_226' title='bbox 496 2734 623 2771; x_wconf 88' lang='lat' dir='ltr'><strong>Item</strong></span> <span class='ocrx_word' id='word_1_227' title='bbox 645 2731 892 2771; x_wconf 82' lang='lat' dir='ltr'><strong>exortatio</strong></span> <span class='ocrx_word' id='word_1_228' title='bbox 913 2729 1069 2768; x_wconf 87' lang='lat' dir='ltr'><strong>sancti</strong></span> <span class='ocrx_word' id='word_1_229' title='bbox 1092 2729 1301 2775; x_wconf 89' lang='lat' dir='ltr'><strong>cipriani</strong></span> <span class='ocrx_word' id='word_1_230' title='bbox 1338 2729 1571 2778; x_wconf 86' lang='lat' dir='ltr'><strong>episcopi.</strong></span> <span class='ocrx_word' id='word_1_231' title='bbox 1607 2731 1758 2784; x_wconf 78' lang='lat' dir='ltr'><strong>Quum</strong></span> <span class='ocrx_word' id='word_1_232' title='bbox 1792 2733 1963 2774; x_wconf 86' lang='lat' dir='ltr'><strong>domini</strong></span> <span class='ocrx_word' id='word_1_233' title='bbox 2000 2735 2062 2775; x_wconf 91' lang='lat' dir='ltr'><strong>in-</strong></span> 
     </span>
     <span class='ocr_line' id='line_1_29' title="bbox 253 2798 2063 2857; baseline 0 -13"><span class='ocrx_word' id='word_1_234' title='bbox 253 2805 463 2845; x_wconf 90' lang='lat' dir='ltr'><strong>struentis</strong></span> <span class='ocrx_word' id='word_1_235' title='bbox 485 2804 745 2857; x_wconf 88' lang='lat' dir='ltr'><strong>dignatione</strong></span> <span class='ocrx_word' id='word_1_236' title='bbox 772 2834 877 2844; x_wconf 90' lang='grc'><strong>......</strong></span> <span class='ocrx_word' id='word_1_237' title='bbox 904 2801 980 2842; x_wconf 86' lang='lat' dir='ltr'><strong>sed</strong></span> <span class='ocrx_word' id='word_1_238' title='bbox 1016 2805 1196 2854; x_wconf 88' lang='lat' dir='ltr'><strong>paratus</strong></span> <span class='ocrx_word' id='word_1_239' title='bbox 1231 2805 1297 2839; x_wconf 87' lang='lat' dir='ltr'><strong>est</strong></span> <span class='ocrx_word' id='word_1_240' title='bbox 1335 2798 1391 2840; x_wconf 82' lang='lat' dir='ltr'><strong>ad</strong></span> <span class='ocrx_word' id='word_1_241' title='bbox 1427 2812 1650 2841; x_wconf 84' lang='lat' dir='ltr'><strong>coronam.</strong></span> <span class='ocrx_word' id='word_1_242' title='bbox 1685 2800 1953 2843; x_wconf 86' lang='lat' dir='ltr'><strong>Auxiliante</strong></span> <span class='ocrx_word' id='word_1_243' title='bbox 1987 2804 2063 2844; x_wconf 90' lang='lat' dir='ltr'><strong>do-</strong></span> 
     </span>
    </p>
   </div>
   <div class='ocr_carea' id='block_1_18' title="bbox 255 2873 494 2925">
    <p class='ocr_par' dir='ltr' id='par_1_18' title="bbox 255 2873 494 2925">
     <span class='ocr_line' id='line_1_30' title="bbox 255 2873 494 2925; baseline 0 -10"><span class='ocrx_word' id='word_1_244' title='bbox 255 2873 390 2925; x_wconf 88' lang='lat' dir='ltr'><strong>mino,</strong></span> <span class='ocrx_word' id='word_1_245' title='bbox 413 2879 494 2915; x_wconf 92' lang='lat' dir='ltr'><strong>etc.</strong></span> 
     </span>
    </p>
   </div>
   <div class='ocr_carea' id='block_1_19' title="bbox 310 2982 2065 3034">
    <p class='ocr_par' dir='ltr' id='par_1_19' title="bbox 310 2982 2065 3034">
     <span class='ocr_line' id='line_1_31' title="bbox 310 2982 2065 3034; baseline 0.001 -7"><span class='ocrx_word' id='word_1_246' title='bbox 310 2985 336 3028; x_wconf 90' lang='lat' dir='ltr'><strong>f.</strong></span> <span class='ocrx_word' id='word_1_247' title='bbox 360 2987 442 3027; x_wconf 89' lang='lat'><strong>228</strong></span> <span class='ocrx_word' id='word_1_248' title='bbox 485 2988 610 3025; x_wconf 87' lang='lat' dir='ltr'><strong>Item</strong></span> <span class='ocrx_word' id='word_1_249' title='bbox 632 2986 843 3034; x_wconf 87' lang='lat' dir='ltr'><strong>epistola</strong></span> <span class='ocrx_word' id='word_1_250' title='bbox 870 2984 1002 3023; x_wconf 84' lang='lat' dir='ltr'><strong>beati</strong></span> <span class='ocrx_word' id='word_1_251' title='bbox 1029 2983 1256 3029; x_wconf 87' lang='lat' dir='ltr'><strong>Agustini</strong></span> <span class='ocrx_word' id='word_1_252' title='bbox 1280 2982 1501 3030; x_wconf 90' lang='lat' dir='ltr'><strong>episcopi</strong></span> <span class='ocrx_word' id='word_1_253' title='bbox 1530 2987 1851 3024; x_wconf 86' lang='lat' dir='ltr'><strong>exortatoria.</strong></span> <span class='ocrx_word' id='word_1_254' title='bbox 1889 2986 2065 3028; x_wconf 83' lang='lat' dir='ltr'><strong>Fratres</strong></span> 
     </span>
    </p>
   </div>
   <div class='ocr_carea' id='block_1_20' title="bbox 252 3052 2063 3177">
    <p class='ocr_par' dir='ltr' id='par_1_20' title="bbox 252 3052 2063 3177">
     <span class='ocr_line' id='line_1_32' title="bbox 252 3052 2063 3106; baseline 0.002 -10"><span class='ocrx_word' id='word_1_255' title='bbox 252 3054 485 3106; x_wconf 86' lang='lat' dir='ltr'><strong>karissimi,</strong></span> <span class='ocrx_word' id='word_1_256' title='bbox 506 3055 758 3096; x_wconf 84' lang='lat' dir='ltr'><strong>audiuimus</strong></span> <span class='ocrx_word' id='word_1_257' title='bbox 781 3067 881 3096; x_wconf 91' lang='lat' dir='ltr'><strong>cum</strong></span> <span class='ocrx_word' id='word_1_258' title='bbox 905 3053 1186 3106; x_wconf 84' lang='lat' dir='ltr'><strong>euangelium</strong></span> <span class='ocrx_word' id='word_1_259' title='bbox 1211 3052 1440 3106; x_wconf 84' lang='lat' dir='ltr'><strong>legeretur,</strong></span> <span class='ocrx_word' id='word_1_260' title='bbox 1462 3053 1703 3095; x_wconf 85' lang='lat' dir='ltr'><strong>terribilem</strong></span> <span class='ocrx_word' id='word_1_261' title='bbox 1729 3055 1858 3096; x_wconf 91' lang='lat' dir='ltr'><strong>simul</strong></span> <span class='ocrx_word' id='word_1_262' title='bbox 1883 3063 1926 3098; x_wconf 91' lang='lat' dir='ltr'><strong>et</strong></span> <span class='ocrx_word' id='word_1_263' title='bbox 1949 3058 2063 3099; x_wconf 89' lang='lat' dir='ltr'><strong>desi-</strong></span> 
     </span>
     <span class='ocr_line' id='line_1_33' title="bbox 253 3122 1806 3177; baseline -0.002 -11"><span class='ocrx_word' id='word_1_264' title='bbox 253 3123 495 3166; x_wconf 88' lang='lat' dir='ltr'><strong>derabilem</strong></span> <span class='ocrx_word' id='word_1_265' title='bbox 525 3157 629 3166; x_wconf 94' lang='grc'><strong>......</strong></span> <span class='ocrx_word' id='word_1_266' title='bbox 656 3123 840 3170; x_wconf 83' lang='lat' dir='ltr'><strong>feliciter</strong></span> <span class='ocrx_word' id='word_1_267' title='bbox 862 3123 1102 3177; x_wconf 84' lang='lat' dir='ltr'><strong>peruenire.</strong></span> <span class='ocrx_word' id='word_1_268' title='bbox 1131 3122 1292 3163; x_wconf 88' lang='lat' dir='ltr'><strong>Amen.</strong></span> <span class='ocrx_word' id='word_1_269' title='bbox 1327 3122 1590 3164; x_wconf 88' lang='lat' dir='ltr'><strong>Adiubante</strong></span> <span class='ocrx_word' id='word_1_270' title='bbox 1613 3135 1704 3172; x_wconf 91' lang='lat' dir='ltr'><strong>uos,</strong></span> <span class='ocrx_word' id='word_1_271' title='bbox 1726 3129 1806 3164; x_wconf 91' lang='lat' dir='ltr'><strong>etc.</strong></span> 
     </span>
    </p>
   </div>
   <div class='ocr_carea' id='block_1_21' title="bbox 309 3230 1069 3283">
    <p class='ocr_par' dir='ltr' id='par_1_21' title="bbox 309 3230 1069 3283">
     <span class='ocr_line' id='line_1_34' title="bbox 309 3230 1069 3283; baseline -0.003 -13"><span class='ocrx_word' id='word_1_272' title='bbox 309 3231 448 3271; x_wconf 90' lang='lat' dir='ltr'><strong>Sermo</strong></span> <span class='ocrx_word' id='word_1_273' title='bbox 468 3230 701 3283; x_wconf 88' lang='lat' dir='ltr'><strong>appendicis</strong></span> <span class='ocrx_word' id='word_1_274' title='bbox 717 3231 987 3281; x_wconf 86' lang='lat' dir='ltr'><strong>Augustianae</strong></span> <span class='ocrx_word' id='word_1_275' title='bbox 1010 3231 1069 3279; x_wconf 92' lang='lat'><strong>78.</strong></span> 
     </span>
    </p>
   </div>
  </div>
 </body>
</html>
