2554 3658
552 623 554 625 ·
638 587 1383 697 PRAEFA
1415 586 1719 697 TJO.

378 923 620 1015 Quum
657 924 743 992 ab
779 924 1025 993 abbate
1055 951 1207 992 meo
1232 922 1790 992 reverendissimo
1829 923 1917 990 D.
1945 919 2091 991 Pla-

280 1018 432 1100 cido
471 1018 742 1087 Wolter
791 1019 1059 1101 (eodem
1097 1018 1211 1108 qui
1250 1045 1428 1086 nunc
1480 1016 1877 1086 archiabbas
1923 1018 2092 1086 Beu-

281 1113 549 1182 ronensi
584 1112 755 1183 Ord.
784 1114 854 1183 S.
884 1113 1233 1182 Benedicti
1256 1111 1791 1204 Congregationi
1821 1112 2095 1196 feliciter

281 1215 565 1299 praeest)
620 1208 1015 1278 mandatum
1070 1207 1231 1277 mihi
1285 1223 1477 1288 esset,
1516 1223 1587 1276 ut
1652 1207 1721 1277 S.
1791 1207 2092 1277 Caesarii

282 1302 704 1372 Arelatensis
741 1330 945 1394 opera
979 1302 1452 1394 perquirerem,
1509 1302 1779 1371 inventa
1831 1301 2095 1393 collige-

285 1425 445 1478 rem,
501 1396 780 1467 collecta
839 1398 1128 1478 ederem,
1200 1397 1390 1488 coepi
1461 1397 1591 1466 iam
1670 1425 1786 1466 sex
1846 1397 2094 1465 abhinc

283 1492 479 1562 annis
515 1493 1048 1583 quamplurimas
1112 1493 1333 1585 Belgii,
1368 1492 1630 1563 Galliae
1661 1491 2095 1583 Angliaeque

284 1587 731 1657 bibliothecas
760 1588 1174 1679 perlustrare.
1220 1588 1322 1657 At
1374 1587 1558 1656 brevi
1590 1586 1883 1657 intellexi
1921 1587 2096 1678 cogi-

285 1698 498 1752 tatum
529 1710 700 1773 opus
730 1682 921 1788 multi
946 1682 1209 1752 sudoris
1239 1710 1534 1763 esse‚nec
1563 1682 1749 1774 prius
1776 1682 1862 1751 ad
1893 1682 2096 1751 finem

233 1858 241 1859 ἶ
284 1777 654 1882 adductum
709 1778 801 1859 iri,
841 1806 1045 1869 quam
1098 1778 1387 1869 reliquas
1444 1778 1764 1868 Europae
1792 1777 2098 1869 regiones

286 1872 429 1963 ipse
458 1899 934 1963 peragrassem.
970 1872 1164 1965 Quid
1203 1873 1452 1942 interea
1487 1873 1810 1942 facerem?
1848 1872 2099 1962 Neque

287 1995 466 2037 enim
497 1967 690 2071 decet
713 1967 1124 2037 monachum
1163 1983 1488 2058 perpetuo
1518 1983 1703 2037 extra
1732 1968 2096 2036 claustrum

286 2062 551 2142 versari,
592 2090 712 2131 nec
743 2063 901 2132 satis
938 2078 1155 2132 tutum
1194 2090 1339 2133 esse
1367 2063 1624 2133 didici
1611 2090 1673 2132 1n
1715 2062 2100 2132 huiusmodi

289 2157 488 2226 rebus
515 2157 731 2226 aliena
758 2186 960 2249 opera
984 2158 1338 2228 confidere.

386 2251 698 2356 Contigit
734 2280 932 2343 porro
970 2268 1042 2322 ut
1093 2267 1353 2344 praeter
1412 2253 1738 2343 opuscula
1802 2251 2102 2323 Caesarii

292 2346 502 2415 multa
539 2347 738 2415 etiam
795 2347 1044 2416 inedita
1079 2375 1437 2452 reperirem
1482 2348 1758 2417 Patrum
1796 2348 2103 2416 aliorum-

292 2469 425 2531 que
484 2441 885 2532 scriptorum
943 2442 1056 2532 qui
1119 2470 1486 2512 mammam
1541 2457 1801 2533 partem
1840 2443 2104 2512 saeculo

293 2535 485 2605 tertio
547 2536 814 2606 decimo
867 2537 1277 2627 antiquiores
1314 2553 1486 2607 sunt.
1537 2538 1738 2607 Haec
1775 2538 1996 2607 statim
2035 2551 2107 2605 ut

293 2631 610 2721 cognovit
646 2631 1245 2736 reverendissimus
1319 2633 1410 2701 D.
1462 2632 1983 2702 Hildebrandus
2021 2632 2106 2701 de

301 2725 752 2816 Hemptinne,
790 2726 904 2816 qui
935 2726 999 2795 in
1038 2727 1260 2795 locum
1306 2728 1394 2796 D.
1445 2727 1702 2796 Placidi
1762 2728 2106 2818 aliquanto

292 2834 447 2890 ante
475 2819 723 2890 electus
752 2836 907 2901 erat,
946 2836 1176 2890 auctor
1210 2821 1374 2891 mihi
1403 2822 1542 2903 fuit,
1581 2837 1653 2891 ut
1690 2850 1771 2891 ex
1801 2823 1893 2892 eis
1922 2822 2105 2913 prius

294 2914 629 3004 quaedam
655 2915 1060 2985 collectanea
1086 2916 1466 3006 proferrem.
1500 2916 1704 3008 Quae
1729 2918 2003 3008 quidem
2036 2916 2106 2985 ti-

295 3008 435 3078 tulo
464 3010 809 3079 communi
830 3038 1189 3080 ANECDOTA
1218 3038 1718 3082 MAREDSOLANA
1747 3012 2107 3082 inscribere

296 3102 565 3194 placuit,
596 3104 748 3174 licet
799 3104 1063 3196 singula
1113 3106 1458 3175 volumina
1517 3106 1832 3177 distincta
1890 3107 2108 3175 futura

298 3197 448 3278 sint,
487 3214 550 3268 et
587 3198 943 3290 separatim
974 3201 1342 3291 comparari
1398 3217 1662 3291 queant.
1712 3204 1827 3272 De
1864 3201 2109 3291 quibus

2128 373 2168 448 ””1
