<?xml version="1.0" encoding="UTF-8"?>
<!DOCTYPE html PUBLIC "-//W3C//DTD XHTML 1.0 Transitional//EN"
    "http://www.w3.org/TR/xhtml1/DTD/xhtml1-transitional.dtd">
<html xmlns="http://www.w3.org/1999/xhtml" xml:lang="en" lang="en">
 <head>
  <title>
</title>
<meta http-equiv="Content-Type" content="text/html;charset=utf-8" />
  <meta name='ocr-system' content='tesseract 3.04.00' />
  <meta name='ocr-capabilities' content='ocr_page ocr_carea ocr_par ocr_line ocrx_word'/>
</head>
<body>
  <div class='ocr_page' id='page_1' title='image "./libercomicussive00moriuoft/libercomicussive00moriuoft_0440.png"; bbox 0 0 2554 3658; ppageno 0'>
   <div class='ocr_carea' id='block_1_1' title="bbox 454 317 1663 374">
    <p class='ocr_par' dir='ltr' id='par_1_1' title="bbox 454 317 1663 374">
     <span class='ocr_line' id='line_1_1' title="bbox 454 317 1663 374; baseline -0.002 -12"><span class='ocrx_word' id='word_1_1' title='bbox 454 317 550 374; x_wconf 76' lang='lat'>408</span> <span class='ocrx_word' id='word_1_2' title='bbox 1061 329 1313 362; x_wconf 83' lang='lat' dir='ltr'>HOMILIAE</span> <span class='ocrx_word' id='word_1_3' title='bbox 1349 329 1663 360; x_wconf 88' lang='lat' dir='ltr'>TOLETANAE.</span> 
     </span>
    </p>
   </div>
   <div class='ocr_carea' id='block_1_2' title="bbox 451 440 2261 563">
    <p class='ocr_par' dir='ltr' id='par_1_2' title="bbox 451 440 2261 563">
     <span class='ocr_line' id='line_1_2' title="bbox 510 440 2261 494; baseline 0.001 -13"><span class='ocrx_word' id='word_1_4' title='bbox 510 441 534 481; x_wconf 86' lang='lat' dir='ltr'>f.</span> <span class='ocrx_word' id='word_1_5' title='bbox 565 451 633 494; x_wconf 88' lang='lat' dir='ltr'>15v</span> <span class='ocrx_word' id='word_1_6' title='bbox 657 443 828 480; x_wconf 88' lang='lat' dir='ltr'>Sermo</span> <span class='ocrx_word' id='word_1_7' title='bbox 853 443 915 479; x_wconf 89' lang='lat' dir='ltr'>de</span> <span class='ocrx_word' id='word_1_8' title='bbox 937 442 1071 480; x_wconf 87' lang='lat' dir='ltr'>diem</span> <span class='ocrx_word' id='word_1_9' title='bbox 1093 445 1263 479; x_wconf 90' lang='lat' dir='ltr'>sancte</span> <span class='ocrx_word' id='word_1_10' title='bbox 1287 442 1486 479; x_wconf 88' lang='lat' dir='ltr'>Mariae.</span> <span class='ocrx_word' id='word_1_11' title='bbox 1513 441 1761 491; x_wconf 87' lang='lat' dir='ltr'>Karissimi,</span> <span class='ocrx_word' id='word_1_12' title='bbox 1784 440 1899 482; x_wconf 90' lang='lat' dir='ltr'>filius</span> <span class='ocrx_word' id='word_1_13' title='bbox 1924 441 2001 485; x_wconf 67' lang='lat' dir='ltr'>dei,</span> <span class='ocrx_word' id='word_1_14' title='bbox 2025 441 2119 482; x_wconf 91' lang='lat' dir='ltr'>sine</span> <span class='ocrx_word' id='word_1_15' title='bbox 2151 446 2261 482; x_wconf 84' lang='lat' dir='ltr'>tern-</span> 
     </span>
     <span class='ocr_line' id='line_1_3' title="bbox 451 502 2056 563; baseline 0 -12"><span class='ocrx_word' id='word_1_16' title='bbox 451 525 556 563; x_wconf 85' lang='lat' dir='ltr'>pore</span> <span class='ocrx_word' id='word_1_17' title='bbox 582 544 687 552; x_wconf 85' lang='lat'><strong><em>......</em></strong></span> <span class='ocrx_word' id='word_1_18' title='bbox 715 511 949 551; x_wconf 90' lang='lat' dir='ltr'>laudemus</span> <span class='ocrx_word' id='word_1_19' title='bbox 973 502 1135 551; x_wconf 90' lang='lat' dir='ltr'>nomen</span> <span class='ocrx_word' id='word_1_20' title='bbox 1160 517 1286 551; x_wconf 91' lang='lat' dir='ltr'>tuum</span> <span class='ocrx_word' id='word_1_21' title='bbox 1312 510 1352 549; x_wconf 92' lang='lat' dir='ltr'>in</span> <span class='ocrx_word' id='word_1_22' title='bbox 1378 508 1556 550; x_wconf 88' lang='lat' dir='ltr'>saecula</span> <span class='ocrx_word' id='word_1_23' title='bbox 1579 508 1867 550; x_wconf 91' lang='lat' dir='ltr'>saeculorum.</span> <span class='ocrx_word' id='word_1_24' title='bbox 1897 509 2056 551; x_wconf 87' lang='lat' dir='ltr'>Amen.</span> 
     </span>
    </p>
   </div>
   <div class='ocr_carea' id='block_1_3' title="bbox 450 637 2260 743">
    <p class='ocr_par' dir='ltr' id='par_1_3' title="bbox 450 637 2260 743">
     <span class='ocr_line' id='line_1_4' title="bbox 508 637 2259 690; baseline 0 -14"><span class='ocrx_word' id='word_1_25' title='bbox 508 638 749 678; x_wconf 88' lang='lat' dir='ltr'>Hildefonso</span> <span class='ocrx_word' id='word_1_26' title='bbox 780 652 908 690; x_wconf 88' lang='lat' dir='ltr'>aeque</span> <span class='ocrx_word' id='word_1_27' title='bbox 936 651 981 677; x_wconf 92' lang='lat' dir='ltr'>ac</span> <span class='ocrx_word' id='word_1_28' title='bbox 1003 652 1133 677; x_wconf 90' lang='lat' dir='ltr'>sermo</span> <span class='ocrx_word' id='word_1_29' title='bbox 1165 637 1343 687; x_wconf 76' lang='lat' dir='ltr'>superior</span> <span class='ocrx_word' id='word_1_30' title='bbox 1363 651 1384 676; x_wconf 89' lang='lat' dir='ltr'>a</span> <span class='ocrx_word' id='word_1_31' title='bbox 1408 639 1449 676; x_wconf 90' lang='lat' dir='ltr'>P.</span> <span class='ocrx_word' id='word_1_32' title='bbox 1473 637 1652 676; x_wconf 79' lang='lat' dir='ltr'>Florezio</span> <span class='ocrx_word' id='word_1_33' title='bbox 1684 637 1936 677; x_wconf 82' lang='lat' dir='ltr'>adiudicatus</span> <span class='ocrx_word' id='word_1_34' title='bbox 1967 637 2041 689; x_wconf 92' lang='lat' dir='ltr'>(M.</span> <span class='ocrx_word' id='word_1_35' title='bbox 2067 638 2128 688; x_wconf 87' lang='lat'>96,</span> <span class='ocrx_word' id='word_1_36' title='bbox 2154 637 2259 688; x_wconf 89' lang='lat'><strong>283),</strong></span> 
     </span>
     <span class='ocr_line' id='line_1_5' title="bbox 450 691 2260 743; baseline 0 -13"><span class='ocrx_word' id='word_1_37' title='bbox 450 693 520 731; x_wconf 94' lang='lat' dir='ltr'>sed</span> <span class='ocrx_word' id='word_1_38' title='bbox 555 706 786 743; x_wconf 75' lang='lat' dir='ltr'>perperam:</span> <span class='ocrx_word' id='word_1_39' title='bbox 822 706 914 731; x_wconf 82' lang='lat' dir='ltr'>nam</span> <span class='ocrx_word' id='word_1_40' title='bbox 952 701 1059 731; x_wconf 87' lang='lat' dir='ltr'>totus</span> <span class='ocrx_word' id='word_1_41' title='bbox 1095 700 1302 742; x_wconf 87' lang='lat' dir='ltr'>excerptus</span> <span class='ocrx_word' id='word_1_42' title='bbox 1337 699 1395 730; x_wconf 91' lang='lat' dir='ltr'>est</span> <span class='ocrx_word' id='word_1_43' title='bbox 1430 704 1477 730; x_wconf 90' lang='lat' dir='ltr'>ex</span> <span class='ocrx_word' id='word_1_44' title='bbox 1513 691 1724 741; x_wconf 84' lang='lat' dir='ltr'>Augustini</span> <span class='ocrx_word' id='word_1_45' title='bbox 1758 705 1941 731; x_wconf 87' lang='lat' dir='ltr'>sermone</span> <span class='ocrx_word' id='word_1_46' title='bbox 1974 692 2260 742; x_wconf 66' lang='lat' dir='ltr'>genuino&#39;225</span> 
     </span>
    </p>
   </div>
   <div class='ocr_carea' id='block_1_4' title="bbox 451 743 790 797">
    <p class='ocr_par' dir='ltr' id='par_1_4' title="bbox 451 743 790 797">
     <span class='ocr_line' id='line_1_6' title="bbox 451 743 790 797; baseline 0.003 -13"><span class='ocrx_word' id='word_1_47' title='bbox 451 746 527 797; x_wconf 90' lang='lat' dir='ltr'>(M.</span> <span class='ocrx_word' id='word_1_48' title='bbox 553 749 614 796; x_wconf 79' lang='lat'>38,</span> <span class='ocrx_word' id='word_1_49' title='bbox 642 743 790 797; x_wconf 55' lang='lat'>1095).&#39;</span> 
     </span>
    </p>
   </div>
   <div class='ocr_carea' id='block_1_5' title="bbox 449 871 2265 1133">
    <p class='ocr_par' dir='ltr' id='par_1_5' title="bbox 449 871 2265 1133">
     <span class='ocr_line' id='line_1_7' title="bbox 508 871 2265 928; baseline -0.002 -12"><span class='ocrx_word' id='word_1_50' title='bbox 508 874 534 917; x_wconf 88' lang='lat' dir='ltr'>f.</span> <span class='ocrx_word' id='word_1_51' title='bbox 563 883 631 928; x_wconf 84' lang='lat' dir='ltr'>17v</span> <span class='ocrx_word' id='word_1_52' title='bbox 654 877 826 915; x_wconf 87' lang='lat' dir='ltr'>Sermo</span> <span class='ocrx_word' id='word_1_53' title='bbox 856 876 918 913; x_wconf 89' lang='lat' dir='ltr'>de</span> <span class='ocrx_word' id='word_1_54' title='bbox 952 873 1214 911; x_wconf 84' lang='lat' dir='ltr'>natiuitate</span> <span class='ocrx_word' id='word_1_55' title='bbox 1246 871 1450 911; x_wconf 87' lang='lat' dir='ltr'>domini.</span> <span class='ocrx_word' id='word_1_56' title='bbox 1488 871 1786 922; x_wconf 87' lang='lat' dir='ltr'>Gaudeamus,</span> <span class='ocrx_word' id='word_1_57' title='bbox 1824 871 1979 912; x_wconf 86' lang='lat' dir='ltr'>fratres</span> <span class='ocrx_word' id='word_1_58' title='bbox 2015 871 2265 920; x_wconf 88' lang='lat' dir='ltr'>Karissimi,</span> 
     </span>
     <span class='ocr_line' id='line_1_8' title="bbox 449 938 2265 994; baseline -0.001 -10"><span class='ocrx_word' id='word_1_59' title='bbox 449 943 579 985; x_wconf 87' lang='lat' dir='ltr'>simul</span> <span class='ocrx_word' id='word_1_60' title='bbox 604 945 646 984; x_wconf 89' lang='lat' dir='ltr'>in</span> <span class='ocrx_word' id='word_1_61' title='bbox 673 957 807 984; x_wconf 90' lang='lat' dir='ltr'>unum</span> <span class='ocrx_word' id='word_1_62' title='bbox 836 976 940 983; x_wconf 92' lang='grc'><strong>......</strong></span> <span class='ocrx_word' id='word_1_63' title='bbox 966 943 1077 990; x_wconf 68' lang='lat' dir='ltr'>,Post</span> <span class='ocrx_word' id='word_1_64' title='bbox 1099 940 1330 994; x_wconf 89' lang='lat' dir='ltr'>paululum</span> <span class='ocrx_word' id='word_1_65' title='bbox 1349 940 1467 981; x_wconf 89' lang='lat' dir='ltr'>enirn</span> <span class='ocrx_word' id='word_1_66' title='bbox 1487 940 1620 981; x_wconf 84' lang='lat' dir='ltr'>missa</span> <span class='ocrx_word' id='word_1_67' title='bbox 1638 941 1912 982; x_wconf 88' lang='lat' dir='ltr'>audientium</span> <span class='ocrx_word' id='word_1_68' title='bbox 1933 938 2265 991; x_wconf 79' lang='lat' dir='ltr'>caelebrauitur,</span> 
     </span>
     <span class='ocr_line' id='line_1_9' title="bbox 450 1009 2260 1065; baseline 0 -13"><span class='ocrx_word' id='word_1_69' title='bbox 450 1013 504 1052; x_wconf 91' lang='lat' dir='ltr'>ad</span> <span class='ocrx_word' id='word_1_70' title='bbox 531 1011 726 1054; x_wconf 88' lang='lat' dir='ltr'>fidelium</span> <span class='ocrx_word' id='word_1_71' title='bbox 751 1016 1029 1053; x_wconf 89' lang='lat' dir='ltr'>sacramenta</span> <span class='ocrx_word' id='word_1_72' title='bbox 1053 1009 1268 1060; x_wconf 90' lang='lat' dir='ltr'>uenimus,</span> <span class='ocrx_word' id='word_1_73' title='bbox 1286 1014 1329 1051; x_wconf 88' lang='lat' dir='ltr'>et</span> <span class='ocrx_word' id='word_1_74' title='bbox 1347 1022 1507 1063; x_wconf 91' lang='lat' dir='ltr'>corpus</span> <span class='ocrx_word' id='word_1_75' title='bbox 1522 1010 1600 1063; x_wconf 87' lang='lat' dir='ltr'>xpi</span> <span class='ocrx_word' id='word_1_76' title='bbox 1621 1009 1662 1050; x_wconf 89' lang='lat' dir='ltr'>in</span> <span class='ocrx_word' id='word_1_77' title='bbox 1683 1010 1887 1064; x_wconf 90' lang='lat' dir='ltr'>presepio</span> <span class='ocrx_word' id='word_1_78' title='bbox 1902 1010 2053 1052; x_wconf 90' lang='lat' dir='ltr'>altaris</span> <span class='ocrx_word' id='word_1_79' title='bbox 2067 1011 2260 1065; x_wconf 89' lang='lat' dir='ltr'>positum</span> 
     </span>
     <span class='ocr_line' id='line_1_10' title="bbox 450 1079 2189 1133; baseline 0 -11"><span class='ocrx_word' id='word_1_80' title='bbox 450 1081 700 1122; x_wconf 88' lang='lat' dir='ltr'>inuenimus</span> <span class='ocrx_word' id='word_1_81' title='bbox 727 1114 831 1121; x_wconf 91' lang='grc'><strong>......</strong></span> <span class='ocrx_word' id='word_1_82' title='bbox 859 1081 952 1122; x_wconf 89' lang='lat' dir='ltr'>sine</span> <span class='ocrx_word' id='word_1_83' title='bbox 975 1079 1061 1120; x_wconf 90' lang='lat' dir='ltr'>fine</span> <span class='ocrx_word' id='word_1_84' title='bbox 1086 1093 1331 1133; x_wconf 83' lang='lat' dir='ltr'><strong>regnemus,</strong></span> <span class='ocrx_word' id='word_1_85' title='bbox 1358 1079 1439 1120; x_wconf 92' lang='lat' dir='ltr'>Per</span> <span class='ocrx_word' id='word_1_86' title='bbox 1461 1079 1605 1133; x_wconf 91' lang='lat' dir='ltr'>ipsum</span> <span class='ocrx_word' id='word_1_87' title='bbox 1630 1080 1860 1121; x_wconf 91' lang='lat' dir='ltr'>dominum</span> <span class='ocrx_word' id='word_1_88' title='bbox 1885 1087 2084 1123; x_wconf 91' lang='lat' dir='ltr'>nostrum</span> <span class='ocrx_word' id='word_1_89' title='bbox 2108 1086 2189 1123; x_wconf 91' lang='lat' dir='ltr'>etc.</span> 
     </span>
    </p>
   </div>
   <div class='ocr_carea' id='block_1_6' title="bbox 450 1208 2263 1367">
    <p class='ocr_par' dir='ltr' id='par_1_6' title="bbox 450 1208 2263 1367">
     <span class='ocr_line' id='line_1_11' title="bbox 506 1208 2263 1259; baseline 0.002 -12"><span class='ocrx_word' id='word_1_90' title='bbox 506 1209 651 1247; x_wconf 84' lang='lat' dir='ltr'><strong>Incerti</strong></span> <span class='ocrx_word' id='word_1_91' title='bbox 673 1209 855 1256; x_wconf 89' lang='lat' dir='ltr'>auctoris,</span> <span class='ocrx_word' id='word_1_92' title='bbox 871 1208 1022 1259; x_wconf 86' lang='lat' dir='ltr'>antiqui</span> <span class='ocrx_word' id='word_1_93' title='bbox 1044 1216 1190 1255; x_wconf 88' lang='lat' dir='ltr'>tamen,</span> <span class='ocrx_word' id='word_1_94' title='bbox 1209 1209 1263 1247; x_wconf 92' lang='lat' dir='ltr'>uti</span> <span class='ocrx_word' id='word_1_95' title='bbox 1286 1221 1333 1247; x_wconf 87' lang='lat' dir='ltr'>ex</span> <span class='ocrx_word' id='word_1_96' title='bbox 1355 1217 1667 1248; x_wconf 87' lang='lat' dir='ltr'>commemorata</span> <span class='ocrx_word' id='word_1_97' title='bbox 1691 1219 1710 1250; x_wconf 90' lang='lat'>«</span> <span class='ocrx_word' id='word_1_98' title='bbox 1732 1209 1851 1249; x_wconf 91' lang='lat' dir='ltr'>missa</span> <span class='ocrx_word' id='word_1_99' title='bbox 1871 1211 2118 1251; x_wconf 81' lang='lat' dir='ltr'>audientium</span> <span class='ocrx_word' id='word_1_100' title='bbox 2138 1222 2159 1253; x_wconf 82' lang='grc'>)&gt;</span> <span class='ocrx_word' id='word_1_101' title='bbox 2181 1211 2263 1252; x_wconf 91' lang='lat' dir='ltr'>sive</span> 
     </span>
     <span class='ocr_line' id='line_1_12' title="bbox 450 1262 2263 1315; baseline 0.003 -14"><span class='ocrx_word' id='word_1_102' title='bbox 450 1264 829 1302; x_wconf 81' lang='lat' dir='ltr'>catechumenorum</span> <span class='ocrx_word' id='word_1_103' title='bbox 852 1270 1025 1313; x_wconf 85' lang='lat' dir='ltr'>apparet.</span> <span class='ocrx_word' id='word_1_104' title='bbox 1051 1263 1169 1302; x_wconf 85' lang='lat' dir='ltr'>Conf.</span> <span class='ocrx_word' id='word_1_105' title='bbox 1193 1262 1407 1312; x_wconf 79' lang='lat' dir='ltr'>Augustini</span> <span class='ocrx_word' id='word_1_106' title='bbox 1428 1275 1541 1301; x_wconf 89' lang='lat' dir='ltr'>serm.</span> <span class='ocrx_word' id='word_1_107' title='bbox 1571 1276 1657 1313; x_wconf 88' lang='lat'>132,</span> <span class='ocrx_word' id='word_1_108' title='bbox 1680 1277 1716 1302; x_wconf 93' lang='lat' dir='ltr'>n.</span> <span class='ocrx_word' id='word_1_109' title='bbox 1745 1277 1774 1302; x_wconf 95' lang='lat'>1.</span> <span class='ocrx_word' id='word_1_110' title='bbox 1801 1265 1962 1315; x_wconf 89' lang='lat' dir='ltr'>Legitur</span> <span class='ocrx_word' id='word_1_111' title='bbox 1983 1265 2022 1304; x_wconf 92' lang='lat' dir='ltr'>in</span> <span class='ocrx_word' id='word_1_112' title='bbox 2045 1278 2263 1306; x_wconf 87' lang='lat' dir='ltr'>sacramen-</span> 
     </span>
     <span class='ocr_line' id='line_1_13' title="bbox 450 1316 1487 1367; baseline 0 -12"><span class='ocrx_word' id='word_1_113' title='bbox 450 1317 548 1356; x_wconf 86' lang='lat' dir='ltr'>tario</span> <span class='ocrx_word' id='word_1_114' title='bbox 569 1318 767 1356; x_wconf 86' lang='lat' dir='ltr'>Toletano</span> <span class='ocrx_word' id='word_1_115' title='bbox 789 1317 890 1357; x_wconf 92' lang='lat' dir='ltr'>Cod.</span> <span class='ocrx_word' id='word_1_116' title='bbox 916 1316 1008 1355; x_wconf 88' lang='lat' dir='ltr'>Brit.</span> <span class='ocrx_word' id='word_1_117' title='bbox 1035 1316 1174 1355; x_wconf 82' lang='lat' dir='ltr'>Addit.</span> <span class='ocrx_word' id='word_1_118' title='bbox 1201 1319 1343 1367; x_wconf 89' lang='lat'>30844‚</span> <span class='ocrx_word' id='word_1_119' title='bbox 1363 1317 1386 1355; x_wconf 90' lang='lat' dir='ltr'>f.</span> <span class='ocrx_word' id='word_1_120' title='bbox 1408 1324 1487 1366; x_wconf 45' lang='lat'>71&amp;</span> 
     </span>
    </p>
   </div>
   <div class='ocr_carea' id='block_1_7' title="bbox 455 1442 2260 1570">
    <p class='ocr_par' dir='ltr' id='par_1_7' title="bbox 455 1442 2260 1570">
     <span class='ocr_line' id='line_1_14' title="bbox 507 1442 2260 1497; baseline 0.002 -13"><span class='ocrx_word' id='word_1_121' title='bbox 507 1443 533 1484; x_wconf 93' lang='lat' dir='ltr'>f.</span> <span class='ocrx_word' id='word_1_122' title='bbox 563 1451 630 1495; x_wconf 89' lang='lat' dir='ltr'>19v</span> <span class='ocrx_word' id='word_1_123' title='bbox 652 1445 825 1482; x_wconf 90' lang='lat' dir='ltr'>Sermo</span> <span class='ocrx_word' id='word_1_124' title='bbox 858 1444 909 1481; x_wconf 90' lang='lat' dir='ltr'>in</span> <span class='ocrx_word' id='word_1_125' title='bbox 943 1444 1077 1482; x_wconf 88' lang='lat' dir='ltr'>diem</span> <span class='ocrx_word' id='word_1_126' title='bbox 1113 1444 1269 1481; x_wconf 89' lang='lat' dir='ltr'>sancti</span> <span class='ocrx_word' id='word_1_127' title='bbox 1303 1443 1502 1482; x_wconf 88' lang='lat' dir='ltr'>Stesani.</span> <span class='ocrx_word' id='word_1_128' title='bbox 1541 1442 1760 1497; x_wconf 81' lang='lat' dir='ltr'>Quotiens</span> <span class='ocrx_word' id='word_1_129' title='bbox 1797 1444 2032 1486; x_wconf 78' lang='lat' dir='ltr'>karitatem</span> <span class='ocrx_word' id='word_1_130' title='bbox 2069 1453 2260 1488; x_wconf 89' lang='lat' dir='ltr'>uestram</span> 
     </span>
     <span class='ocr_line' id='line_1_15' title="bbox 455 1512 2203 1570; baseline 0.003 -16"><span class='ocrx_word' id='word_1_131' title='bbox 455 1546 559 1554; x_wconf 92' lang='grc'><strong><em>......</em></strong></span> <span class='ocrx_word' id='word_1_132' title='bbox 585 1519 632 1554; x_wconf 92' lang='lat' dir='ltr'>tu</span> <span class='ocrx_word' id='word_1_133' title='bbox 657 1512 791 1566; x_wconf 88' lang='lat' dir='ltr'>imple</span> <span class='ocrx_word' id='word_1_134' title='bbox 813 1513 933 1566; x_wconf 91' lang='lat' dir='ltr'>quod</span> <span class='ocrx_word' id='word_1_135' title='bbox 958 1513 1211 1566; x_wconf 84' lang='lat' dir='ltr'>promisisti.</span> <span class='ocrx_word' id='word_1_136' title='bbox 1237 1512 1370 1565; x_wconf 82' lang='lat' dir='ltr'>Quod</span> <span class='ocrx_word' id='word_1_137' title='bbox 1395 1513 1489 1566; x_wconf 89' lang='lat' dir='ltr'>ipse</span> <span class='ocrx_word' id='word_1_138' title='bbox 1513 1513 1727 1566; x_wconf 90' lang='lat' dir='ltr'>prestauit</span> <span class='ocrx_word' id='word_1_139' title='bbox 1750 1515 1823 1568; x_wconf 91' lang='lat' dir='ltr'>qui</span> <span class='ocrx_word' id='word_1_140' title='bbox 1846 1529 1945 1556; x_wconf 90' lang='lat' dir='ltr'>cum</span> <span class='ocrx_word' id='word_1_141' title='bbox 1976 1522 2101 1570; x_wconf 88' lang='lat' dir='ltr'>patre</span> <span class='ocrx_word' id='word_1_142' title='bbox 2123 1524 2203 1559; x_wconf 92' lang='lat' dir='ltr'>etc.</span> 
     </span>
    </p>
   </div>
   <div class='ocr_carea' id='block_1_8' title="bbox 451 1640 2264 1915">
    <p class='ocr_par' dir='ltr' id='par_1_8' title="bbox 451 1640 2264 1915">
     <span class='ocr_line' id='line_1_16' title="bbox 506 1640 2263 1701; baseline 0.005 -21"><span class='ocrx_word' id='word_1_143' title='bbox 506 1641 717 1692; x_wconf 88' lang='lat' dir='ltr'>Reperitur</span> <span class='ocrx_word' id='word_1_144' title='bbox 733 1641 771 1679; x_wconf 90' lang='lat' dir='ltr'>in</span> <span class='ocrx_word' id='word_1_145' title='bbox 793 1641 1032 1681; x_wconf 89' lang='lat' dir='ltr'>Homiliario</span> <span class='ocrx_word' id='word_1_146' title='bbox 1050 1640 1291 1681; x_wconf 85' lang='lat' dir='ltr'>Caesariano</span> <span class='ocrx_word' id='word_1_147' title='bbox 1309 1642 1546 1682; x_wconf 90' lang='lat' dir='ltr'>Durlacensi</span> <span class='ocrx_word' id='word_1_148' title='bbox 1564 1643 1684 1695; x_wconf 93' lang='lat' dir='ltr'>(Cod.</span> <span class='ocrx_word' id='word_1_149' title='bbox 1703 1646 1994 1687; x_wconf 89' lang='lat' dir='ltr'>Caroliruhano</span> <span class='ocrx_word' id='word_1_150' title='bbox 2012 1648 2107 1701; x_wconf 85' lang='lat'>340)</span> <span class='ocrx_word' id='word_1_151' title='bbox 2124 1649 2263 1690; x_wconf 91' lang='lat' dir='ltr'>ordine</span> 
     </span>
     <span class='ocr_line' id='line_1_17' title="bbox 451 1695 2262 1754; baseline 0.005 -20"><span class='ocrx_word' id='word_1_152' title='bbox 451 1703 625 1745; x_wconf 82' lang='lat' dir='ltr'>quartus,</span> <span class='ocrx_word' id='word_1_153' title='bbox 648 1697 755 1734; x_wconf 92' lang='lat' dir='ltr'>unde</span> <span class='ocrx_word' id='word_1_154' title='bbox 776 1709 866 1734; x_wconf 91' lang='lat' dir='ltr'>eum</span> <span class='ocrx_word' id='word_1_155' title='bbox 884 1697 986 1735; x_wconf 92' lang='lat' dir='ltr'>inter</span> <span class='ocrx_word' id='word_1_156' title='bbox 1006 1695 1143 1734; x_wconf 86' lang='lat' dir='ltr'>Fausti</span> <span class='ocrx_word' id='word_1_157' title='bbox 1164 1708 1284 1745; x_wconf 86' lang='lat' dir='ltr'>opera</span> <span class='ocrx_word' id='word_1_158' title='bbox 1305 1696 1520 1736; x_wconf 88' lang='lat' dir='ltr'>novissime</span> <span class='ocrx_word' id='word_1_159' title='bbox 1541 1698 1743 1738; x_wconf 87' lang='lat' dir='ltr'>transtulit</span> <span class='ocrx_word' id='word_1_160' title='bbox 1764 1701 1968 1752; x_wconf 87' lang='lat' dir='ltr'>Augustus</span> <span class='ocrx_word' id='word_1_161' title='bbox 1983 1704 2262 1754; x_wconf 87' lang='lat' dir='ltr'>Engelbrecht‚</span> 
     </span>
     <span class='ocr_line' id='line_1_18' title="bbox 456 1751 2264 1804; baseline 0.004 -15"><span class='ocrx_word' id='word_1_162' title='bbox 456 1752 604 1800; x_wconf 78' lang='lat' dir='ltr'>Corpus</span> <span class='ocrx_word' id='word_1_163' title='bbox 625 1751 762 1800; x_wconf 74' lang='lat' dir='ltr'>Script.</span> <span class='ocrx_word' id='word_1_164' title='bbox 798 1751 912 1788; x_wconf 82' lang='lat' dir='ltr'>eccles.</span> <span class='ocrx_word' id='word_1_165' title='bbox 945 1751 1056 1788; x_wconf 83' lang='lat' dir='ltr'>latin.</span> <span class='ocrx_word' id='word_1_166' title='bbox 1094 1751 1171 1788; x_wconf 93' lang='lat' dir='ltr'>vol.</span> <span class='ocrx_word' id='word_1_167' title='bbox 1193 1751 1305 1797; x_wconf 91' lang='lat' dir='ltr'>XXI,</span> <span class='ocrx_word' id='word_1_168' title='bbox 1341 1764 1377 1801; x_wconf 89' lang='lat' dir='ltr'>p.</span> <span class='ocrx_word' id='word_1_169' title='bbox 1404 1753 1491 1801; x_wconf 84' lang='lat'>236.</span> <span class='ocrx_word' id='word_1_170' title='bbox 1517 1753 1624 1802; x_wconf 89' lang='lat' dir='ltr'><strong>Lege</strong></span> <span class='ocrx_word' id='word_1_171' title='bbox 1660 1752 1711 1792; x_wconf 90' lang='lat' dir='ltr'>sis</span> <span class='ocrx_word' id='word_1_172' title='bbox 1733 1763 1867 1794; x_wconf 90' lang='lat' dir='ltr'>notam</span> <span class='ocrx_word' id='word_1_173' title='bbox 1905 1757 2180 1804; x_wconf 88' lang='lat' dir='ltr'>Maurinorum</span> <span class='ocrx_word' id='word_1_174' title='bbox 2212 1759 2264 1797; x_wconf 92' lang='lat' dir='ltr'>ad</span> 
     </span>
     <span class='ocr_line' id='line_1_19' title="bbox 452 1805 2263 1855; baseline 0.006 -13"><span class='ocrx_word' id='word_1_175' title='bbox 452 1818 565 1843; x_wconf 90' lang='lat' dir='ltr'>serm.</span> <span class='ocrx_word' id='word_1_176' title='bbox 605 1818 676 1842; x_wconf 88' lang='lat'>211</span> <span class='ocrx_word' id='word_1_177' title='bbox 715 1805 886 1854; x_wconf 78' lang='lat' dir='ltr'>append.</span> <span class='ocrx_word' id='word_1_178' title='bbox 923 1806 1088 1854; x_wconf 79' lang='lat' dir='ltr'>August.</span> <span class='ocrx_word' id='word_1_179' title='bbox 1125 1817 1415 1855; x_wconf 88' lang='lat' dir='ltr'>censuramque</span> <span class='ocrx_word' id='word_1_180' title='bbox 1443 1818 1466 1843; x_wconf 89' lang='lat' dir='ltr'>a</span> <span class='ocrx_word' id='word_1_181' title='bbox 1496 1819 1560 1845; x_wconf 90' lang='lat' dir='ltr'>me</span> <span class='ocrx_word' id='word_1_182' title='bbox 1594 1808 1736 1846; x_wconf 85' lang='lat' dir='ltr'>factam</span> <span class='ocrx_word' id='word_1_183' title='bbox 1773 1809 1825 1848; x_wconf 92' lang='lat' dir='ltr'>de</span> <span class='ocrx_word' id='word_1_184' title='bbox 1845 1811 2095 1850; x_wconf 89' lang='lat' dir='ltr'>sermonibus</span> <span class='ocrx_word' id='word_1_185' title='bbox 2116 1813 2263 1851; x_wconf 89' lang='lat' dir='ltr'>Fausto</span> 
     </span>
     <span class='ocr_line' id='line_1_20' title="bbox 452 1857 2262 1915; baseline 0.006 -19"><span class='ocrx_word' id='word_1_186' title='bbox 452 1858 645 1897; x_wconf 88' lang='lat' dir='ltr'>Reiorum</span> <span class='ocrx_word' id='word_1_187' title='bbox 675 1858 864 1908; x_wconf 90' lang='lat' dir='ltr'>episcopo</span> <span class='ocrx_word' id='word_1_188' title='bbox 887 1857 926 1896; x_wconf 91' lang='lat' dir='ltr'>in</span> <span class='ocrx_word' id='word_1_189' title='bbox 948 1858 1123 1897; x_wconf 88' lang='lat' dir='ltr'>editione</span> <span class='ocrx_word' id='word_1_190' title='bbox 1147 1858 1451 1898; x_wconf 88' lang='lat' dir='ltr'>Vindobonensi</span> <span class='ocrx_word' id='word_1_191' title='bbox 1471 1860 1692 1911; x_wconf 89' lang='lat' dir='ltr'>adscriptis,</span> <span class='ocrx_word' id='word_1_192' title='bbox 1716 1863 1847 1901; x_wconf 79' lang='lat' dir='ltr'><em>Revue</em></span> <span class='ocrx_word' id='word_1_193' title='bbox 1866 1865 2119 1913; x_wconf 63' lang='lat' dir='ltr'>anbdicffne,</span> <span class='ocrx_word' id='word_1_194' title='bbox 2141 1874 2166 1906; x_wconf 95' lang='lat' dir='ltr'>t.</span> <span class='ocrx_word' id='word_1_195' title='bbox 2191 1867 2262 1915; x_wconf 93' lang='lat' dir='ltr'>IX,</span> 
     </span>
    </p>
   </div>
   <div class='ocr_carea' id='block_1_9' title="bbox 453 1911 738 1963">
    <p class='ocr_par' dir='ltr' id='par_1_9' title="bbox 453 1911 738 1963">
     <span class='ocr_line' id='line_1_21' title="bbox 453 1911 738 1963; baseline -0.004 0"><span class='ocrx_word' id='word_1_196' title='bbox 453 1911 594 1963; x_wconf 84' lang='lat'>(1892)</span> <span class='ocrx_word' id='word_1_197' title='bbox 616 1926 651 1963; x_wconf 82' lang='lat' dir='ltr'>p·</span> <span class='ocrx_word' id='word_1_198' title='bbox 676 1924 738 1962; x_wconf 84' lang='lat'>53-</span> 
     </span>
    </p>
   </div>
   <div class='ocr_carea' id='block_1_10' title="bbox 451 2029 2265 2297">
    <p class='ocr_par' dir='ltr' id='par_1_10' title="bbox 451 2029 2265 2297">
     <span class='ocr_line' id='line_1_22' title="bbox 509 2029 2263 2095; baseline 0.003 -15"><span class='ocrx_word' id='word_1_199' title='bbox 509 2039 533 2080; x_wconf 92' lang='lat' dir='ltr'>f.</span> <span class='ocrx_word' id='word_1_200' title='bbox 560 2046 632 2079; x_wconf 86' lang='lat' dir='ltr'>21v</span> <span class='ocrx_word' id='word_1_201' title='bbox 658 2040 830 2078; x_wconf 88' lang='lat' dir='ltr'>Sermo</span> <span class='ocrx_word' id='word_1_202' title='bbox 846 2040 899 2076; x_wconf 92' lang='lat' dir='ltr'>in</span> <span class='ocrx_word' id='word_1_203' title='bbox 919 2039 1085 2078; x_wconf 90' lang='lat' dir='ltr'>natale</span> <span class='ocrx_word' id='word_1_204' title='bbox 1101 2040 1443 2086; x_wconf 89' lang='lat' dir='ltr'>apostolorum</span> <span class='ocrx_word' id='word_1_205' title='bbox 1463 2029 1630 2080; x_wconf 89' lang='lat' dir='ltr'>Iacobi</span> <span class='ocrx_word' id='word_1_206' title='bbox 1652 2046 1700 2080; x_wconf 92' lang='lat' dir='ltr'>et</span> <span class='ocrx_word' id='word_1_207' title='bbox 1716 2042 1965 2095; x_wconf 74' lang='lat' dir='ltr'>IhoanniS‚</span> <span class='ocrx_word' id='word_1_208' title='bbox 1987 2047 2072 2087; x_wconf 92' lang='lat' dir='ltr'>ubi</span> <span class='ocrx_word' id='word_1_209' title='bbox 2094 2051 2263 2086; x_wconf 90' lang='lat' dir='ltr'>osten-</span> 
     </span>
     <span class='ocr_line' id='line_1_23' title="bbox 451 2107 2264 2164; baseline 0.006 -19"><span class='ocrx_word' id='word_1_210' title='bbox 451 2107 588 2146; x_wconf 84' lang='lat' dir='ltr'>ditur</span> <span class='ocrx_word' id='word_1_211' title='bbox 619 2108 705 2155; x_wconf 87' lang='lat' dir='ltr'>qui</span> <span class='ocrx_word' id='word_1_212' title='bbox 741 2107 970 2146; x_wconf 86' lang='lat' dir='ltr'>futurum</span> <span class='ocrx_word' id='word_1_213' title='bbox 1002 2109 1063 2146; x_wconf 90' lang='lat' dir='ltr'>sit</span> <span class='ocrx_word' id='word_1_214' title='bbox 1085 2109 1146 2146; x_wconf 90' lang='lat' dir='ltr'>de</span> <span class='ocrx_word' id='word_1_215' title='bbox 1178 2109 1339 2147; x_wconf 87' lang='lat' dir='ltr'>tribus</span> <span class='ocrx_word' id='word_1_216' title='bbox 1372 2110 1544 2147; x_wconf 86' lang='lat' dir='ltr'>amicis</span> <span class='ocrx_word' id='word_1_217' title='bbox 1575 2112 1776 2158; x_wconf 87' lang='lat' dir='ltr'>quando</span> <span class='ocrx_word' id='word_1_218' title='bbox 1806 2113 1924 2152; x_wconf 83' lang='lat' dir='ltr'>facit</span> <span class='ocrx_word' id='word_1_219' title='bbox 1950 2113 2099 2154; x_wconf 64' lang='lat' dir='ltr'>de‘eo</span> <span class='ocrx_word' id='word_1_220' title='bbox 2129 2117 2264 2164; x_wconf 88' lang='lat' dir='ltr'>quod</span> 
     </span>
     <span class='ocr_line' id='line_1_24' title="bbox 453 2174 2265 2230; baseline 0.007 -19"><span class='ocrx_word' id='word_1_221' title='bbox 453 2174 627 2212; x_wconf 86' lang='lat' dir='ltr'>fistuca</span> <span class='ocrx_word' id='word_1_222' title='bbox 648 2174 900 2211; x_wconf 84' lang='lat' dir='ltr'>nutriatur</span> <span class='ocrx_word' id='word_1_223' title='bbox 918 2174 969 2210; x_wconf 89' lang='lat' dir='ltr'>in</span> <span class='ocrx_word' id='word_1_224' title='bbox 991 2175 1197 2212; x_wconf 84' lang='lat' dir='ltr'>trabem.</span> <span class='ocrx_word' id='word_1_225' title='bbox 1226 2175 1356 2228; x_wconf 86' lang='lat' dir='ltr'>Rogo</span> <span class='ocrx_word' id='word_1_226' title='bbox 1372 2189 1464 2226; x_wconf 89' lang='lat' dir='ltr'>nos,</span> <span class='ocrx_word' id='word_1_227' title='bbox 1481 2175 1636 2216; x_wconf 86' lang='lat' dir='ltr'>fratres</span> <span class='ocrx_word' id='word_1_228' title='bbox 1655 2176 1886 2230; x_wconf 86' lang='lat' dir='ltr'>karissimi,</span> <span class='ocrx_word' id='word_1_229' title='bbox 1907 2187 1956 2222; x_wconf 94' lang='lat' dir='ltr'>ut</span> <span class='ocrx_word' id='word_1_230' title='bbox 1975 2194 2062 2221; x_wconf 94' lang='lat' dir='ltr'>non</span> <span class='ocrx_word' id='word_1_231' title='bbox 2081 2180 2265 2224; x_wconf 87' lang='lat' dir='ltr'>moleste</span> 
     </span>
     <span class='ocr_line' id='line_1_25' title="bbox 452 2242 1801 2297; baseline 0.004 -14"><span class='ocrx_word' id='word_1_232' title='bbox 452 2242 678 2296; x_wconf 84' lang='lat' dir='ltr'>accipiatis</span> <span class='ocrx_word' id='word_1_233' title='bbox 686 2275 790 2283; x_wconf 91' lang='grc'><strong>......</strong></span> <span class='ocrx_word' id='word_1_234' title='bbox 818 2242 1002 2283; x_wconf 88' lang='lat' dir='ltr'>feliciter</span> <span class='ocrx_word' id='word_1_235' title='bbox 1025 2244 1225 2293; x_wconf 88' lang='lat' dir='ltr'>uenietis,</span> <span class='ocrx_word' id='word_1_236' title='bbox 1243 2250 1498 2297; x_wconf 86' lang='lat' dir='ltr'>praestante</span> <span class='ocrx_word' id='word_1_237' title='bbox 1521 2245 1706 2287; x_wconf 85' lang='lat' dir='ltr'>domino</span> <span class='ocrx_word' id='word_1_238' title='bbox 1722 2253 1801 2289; x_wconf 91' lang='lat' dir='ltr'>etc.</span> 
     </span>
    </p>
   </div>
   <div class='ocr_carea' id='block_1_11' title="bbox 454 2373 2266 2694">
    <p class='ocr_par' dir='ltr' id='par_1_11' title="bbox 454 2373 2266 2694">
     <span class='ocr_line' id='line_1_26' title="bbox 510 2373 2263 2426; baseline 0.002 -14"><span class='ocrx_word' id='word_1_239' title='bbox 510 2375 578 2412; x_wconf 87' lang='lat' dir='ltr'>Est</span> <span class='ocrx_word' id='word_1_240' title='bbox 600 2374 639 2412; x_wconf 92' lang='lat' dir='ltr'>in</span> <span class='ocrx_word' id='word_1_241' title='bbox 661 2375 805 2412; x_wconf 89' lang='lat' dir='ltr'>eodem</span> <span class='ocrx_word' id='word_1_242' title='bbox 827 2373 980 2413; x_wconf 91' lang='lat' dir='ltr'>Codice</span> <span class='ocrx_word' id='word_1_243' title='bbox 998 2374 1240 2413; x_wconf 86' lang='lat' dir='ltr'>Durlacenci</span> <span class='ocrx_word' id='word_1_244' title='bbox 1261 2387 1391 2413; x_wconf 90' lang='lat' dir='ltr'>sermo</span> <span class='ocrx_word' id='word_1_245' title='bbox 1412 2383 1544 2413; x_wconf 86' lang='lat' dir='ltr'>sextus</span> <span class='ocrx_word' id='word_1_246' title='bbox 1565 2375 1784 2425; x_wconf 87' lang='lat' dir='ltr'>(Engelbr.‚</span> <span class='ocrx_word' id='word_1_247' title='bbox 1805 2388 1840 2424; x_wconf 89' lang='lat' dir='ltr'>p.</span> <span class='ocrx_word' id='word_1_248' title='bbox 1862 2375 1969 2426; x_wconf 89' lang='lat'><strong>243)·</strong></span> <span class='ocrx_word' id='word_1_249' title='bbox 1988 2377 2124 2414; x_wconf 84' lang='lat' dir='ltr'>Exstat</span> <span class='ocrx_word' id='word_1_250' title='bbox 2145 2376 2263 2416; x_wconf 88' lang='lat' dir='ltr'>etiam</span> 
     </span>
     <span class='ocr_line' id='line_1_27' title="bbox 454 2427 2264 2479; baseline 0.002 -14"><span class='ocrx_word' id='word_1_251' title='bbox 454 2428 492 2465; x_wconf 84' lang='lat' dir='ltr'>in</span> <span class='ocrx_word' id='word_1_252' title='bbox 513 2428 589 2466; x_wconf 85' lang='lat' dir='ltr'>alia</span> <span class='ocrx_word' id='word_1_253' title='bbox 604 2427 842 2467; x_wconf 87' lang='lat' dir='ltr'>collectione</span> <span class='ocrx_word' id='word_1_254' title='bbox 859 2428 1107 2473; x_wconf 90' lang='lat' dir='ltr'>Caesariana,</span> <span class='ocrx_word' id='word_1_255' title='bbox 1130 2428 1242 2466; x_wconf 90' lang='lat' dir='ltr'>cuius</span> <span class='ocrx_word' id='word_1_256' title='bbox 1260 2427 1582 2478; x_wconf 88' lang='lat' dir='ltr'>antiquissimum</span> <span class='ocrx_word' id='word_1_257' title='bbox 1600 2430 1800 2479; x_wconf 84' lang='lat' dir='ltr'>exemplar</span> <span class='ocrx_word' id='word_1_258' title='bbox 1817 2429 2021 2467; x_wconf 91' lang='lat' dir='ltr'>Monachii</span> <span class='ocrx_word' id='word_1_259' title='bbox 2035 2431 2264 2470; x_wconf 87' lang='lat' dir='ltr'>adservatur</span> 
     </span>
     <span class='ocr_line' id='line_1_28' title="bbox 455 2480 2264 2533; baseline 0.001 -12"><span class='ocrx_word' id='word_1_260' title='bbox 455 2481 573 2533; x_wconf 92' lang='lat' dir='ltr'>(Cod.</span> <span class='ocrx_word' id='word_1_261' title='bbox 598 2483 662 2520; x_wconf 91' lang='lat' dir='ltr'>lat.</span> <span class='ocrx_word' id='word_1_262' title='bbox 686 2482 789 2531; x_wconf 88' lang='lat'>6298</span> <span class='ocrx_word' id='word_1_263' title='bbox 819 2494 920 2520; x_wconf 90' lang='lat' dir='ltr'>saec.</span> <span class='ocrx_word' id='word_1_264' title='bbox 945 2480 1187 2533; x_wconf 74' lang='lat' dir='ltr'>VIIJVIII),</span> <span class='ocrx_word' id='word_1_265' title='bbox 1225 2483 1369 2521; x_wconf 89' lang='lat' dir='ltr'>eodem</span> <span class='ocrx_word' id='word_1_266' title='bbox 1391 2482 1456 2522; x_wconf 89' lang='lat' dir='ltr'>die</span> <span class='ocrx_word' id='word_1_267' title='bbox 1487 2484 1588 2521; x_wconf 92' lang='lat' dir='ltr'>festo</span> <span class='ocrx_word' id='word_1_268' title='bbox 1609 2491 1835 2522; x_wconf 89' lang='lat' dir='ltr'>sanctorum</span> <span class='ocrx_word' id='word_1_269' title='bbox 1857 2484 1998 2532; x_wconf 91' lang='lat' dir='ltr'>Jacobi</span> <span class='ocrx_word' id='word_1_270' title='bbox 2030 2492 2068 2523; x_wconf 92' lang='lat' dir='ltr'>et</span> <span class='ocrx_word' id='word_1_271' title='bbox 2102 2485 2264 2523; x_wconf 88' lang='lat' dir='ltr'>Ioannis</span> 
     </span>
     <span class='ocr_line' id='line_1_29' title="bbox 455 2536 2266 2587; baseline 0.002 -14"><span class='ocrx_word' id='word_1_272' title='bbox 455 2537 658 2586; x_wconf 88' lang='lat' dir='ltr'>legendus.</span> <span class='ocrx_word' id='word_1_273' title='bbox 681 2537 834 2576; x_wconf 78' lang='lat' dir='ltr'>Notatu</span> <span class='ocrx_word' id='word_1_274' title='bbox 856 2536 1021 2586; x_wconf 88' lang='lat' dir='ltr'>dignum</span> <span class='ocrx_word' id='word_1_275' title='bbox 1039 2544 1109 2584; x_wconf 91' lang='lat' dir='ltr'>est,</span> <span class='ocrx_word' id='word_1_276' title='bbox 1132 2536 1362 2575; x_wconf 90' lang='lat' dir='ltr'>huiusmodi</span> <span class='ocrx_word' id='word_1_277' title='bbox 1384 2549 1642 2576; x_wconf 90' lang='lat' dir='ltr'>communem</span> <span class='ocrx_word' id='word_1_278' title='bbox 1665 2536 1870 2586; x_wconf 86' lang='lat' dir='ltr'>utriusque</span> <span class='ocrx_word' id='word_1_279' title='bbox 1890 2537 2061 2587; x_wconf 88' lang='lat' dir='ltr'>apostoli</span> <span class='ocrx_word' id='word_1_280' title='bbox 2083 2538 2266 2578; x_wconf 87' lang='lat' dir='ltr'>festivita-</span> 
     </span>
     <span class='ocr_line' id='line_1_30' title="bbox 454 2589 2265 2641; baseline 0.002 -13"><span class='ocrx_word' id='word_1_281' title='bbox 454 2598 532 2628; x_wconf 88' lang='lat' dir='ltr'>tem</span> <span class='ocrx_word' id='word_1_282' title='bbox 556 2589 713 2628; x_wconf 88' lang='lat' dir='ltr'>nonnisi</span> <span class='ocrx_word' id='word_1_283' title='bbox 746 2589 785 2628; x_wconf 92' lang='lat' dir='ltr'>in</span> <span class='ocrx_word' id='word_1_284' title='bbox 818 2589 1088 2629; x_wconf 90' lang='lat' dir='ltr'>monumentis</span> <span class='ocrx_word' id='word_1_285' title='bbox 1112 2590 1312 2640; x_wconf 87' lang='lat' dir='ltr'>Liturgiae</span> <span class='ocrx_word' id='word_1_286' title='bbox 1336 2590 1566 2631; x_wconf 90' lang='lat' dir='ltr'>Gallicanae</span> <span class='ocrx_word' id='word_1_287' title='bbox 1587 2602 1828 2641; x_wconf 90' lang='lat' dir='ltr'>comparere,</span> <span class='ocrx_word' id='word_1_288' title='bbox 1867 2603 1997 2641; x_wconf 89' lang='lat' dir='ltr'>neque</span> <span class='ocrx_word' id='word_1_289' title='bbox 2020 2592 2142 2631; x_wconf 90' lang='lat' dir='ltr'>ullum</span> <span class='ocrx_word' id='word_1_290' title='bbox 2163 2592 2265 2632; x_wconf 91' lang='lat' dir='ltr'>illius</span> 
     </span>
     <span class='ocr_line' id='line_1_31' title="bbox 455 2643 1243 2694; baseline 0.001 -12"><span class='ocrx_word' id='word_1_291' title='bbox 455 2643 661 2694; x_wconf 88' lang='lat' dir='ltr'>vestigium</span> <span class='ocrx_word' id='word_1_292' title='bbox 683 2643 722 2682; x_wconf 92' lang='lat' dir='ltr'>in</span> <span class='ocrx_word' id='word_1_293' title='bbox 746 2644 865 2682; x_wconf 91' lang='lat' dir='ltr'>Libro</span> <span class='ocrx_word' id='word_1_294' title='bbox 880 2644 1049 2684; x_wconf 89' lang='lat' dir='ltr'>Comico</span> <span class='ocrx_word' id='word_1_295' title='bbox 1070 2644 1243 2694; x_wconf 86' lang='lat' dir='ltr'>reperiri.</span> 
     </span>
    </p>
   </div>
   <div class='ocr_carea' id='block_1_12' title="bbox 457 2767 2265 2888">
    <p class='ocr_par' dir='ltr' id='par_1_12' title="bbox 457 2767 2265 2888">
     <span class='ocr_line' id='line_1_32' title="bbox 517 2767 2265 2819; baseline 0.005 -13"><span class='ocrx_word' id='word_1_296' title='bbox 517 2767 585 2808; x_wconf 88' lang='lat' dir='ltr'>sol.</span> <span class='ocrx_word' id='word_1_297' title='bbox 605 2773 677 2819; x_wconf 82' lang='lat' dir='ltr'>24V</span> <span class='ocrx_word' id='word_1_298' title='bbox 700 2768 874 2806; x_wconf 88' lang='lat' dir='ltr'>Sermo</span> <span class='ocrx_word' id='word_1_299' title='bbox 897 2770 947 2806; x_wconf 90' lang='lat' dir='ltr'>in</span> <span class='ocrx_word' id='word_1_300' title='bbox 968 2768 1103 2806; x_wconf 86' lang='lat' dir='ltr'>diem</span> <span class='ocrx_word' id='word_1_301' title='bbox 1134 2770 1530 2808; x_wconf 83' lang='lat' dir='ltr'>circumcisionis</span> <span class='ocrx_word' id='word_1_302' title='bbox 1561 2770 1765 2808; x_wconf 88' lang='lat' dir='ltr'>domini.</span> <span class='ocrx_word' id='word_1_303' title='bbox 1790 2771 1938 2811; x_wconf 87' lang='lat' dir='ltr'>Huius</span> <span class='ocrx_word' id='word_1_304' title='bbox 1954 2771 2265 2814; x_wconf 87' lang='lat' dir='ltr'>sollemnitatis</span> 
     </span>
     <span class='ocr_line' id='line_1_33' title="bbox 457 2836 2091 2888; baseline 0.004 -14"><span class='ocrx_word' id='word_1_305' title='bbox 457 2836 782 2888; x_wconf 88' lang='lat' dir='ltr'>expositionem</span> <span class='ocrx_word' id='word_1_306' title='bbox 792 2867 897 2876; x_wconf 94' lang='grc'><strong>......</strong></span> <span class='ocrx_word' id='word_1_307' title='bbox 924 2837 1131 2878; x_wconf 88' lang='lat' dir='ltr'>reducere</span> <span class='ocrx_word' id='word_1_308' title='bbox 1155 2838 1394 2879; x_wconf 82' lang='lat' dir='ltr'>ualeamus.</span> <span class='ocrx_word' id='word_1_309' title='bbox 1420 2839 1501 2880; x_wconf 89' lang='lat' dir='ltr'>Per</span> <span class='ocrx_word' id='word_1_310' title='bbox 1523 2839 1754 2880; x_wconf 90' lang='lat' dir='ltr'>dominum</span> <span class='ocrx_word' id='word_1_311' title='bbox 1786 2846 1986 2881; x_wconf 89' lang='lat' dir='ltr'>nostrum</span> <span class='ocrx_word' id='word_1_312' title='bbox 2010 2846 2091 2883; x_wconf 92' lang='lat' dir='ltr'>etc.</span> 
     </span>
    </p>
   </div>
   <div class='ocr_carea' id='block_1_13' title="bbox 403 2964 2264 3239">
    <p class='ocr_par' dir='ltr' id='par_1_13' title="bbox 403 2964 2264 3239">
     <span class='ocr_line' id='line_1_34' title="bbox 513 2964 2264 3019; baseline 0.003 -15"><span class='ocrx_word' id='word_1_313' title='bbox 513 2965 679 3004; x_wconf 88' lang='lat' dir='ltr'>Constat</span> <span class='ocrx_word' id='word_1_314' title='bbox 701 2977 748 3002; x_wconf 90' lang='lat' dir='ltr'>ex</span> <span class='ocrx_word' id='word_1_315' title='bbox 768 2964 924 3002; x_wconf 90' lang='lat' dir='ltr'>duabus</span> <span class='ocrx_word' id='word_1_316' title='bbox 955 2965 1143 3014; x_wconf 88' lang='lat' dir='ltr'>partibus,</span> <span class='ocrx_word' id='word_1_317' title='bbox 1162 2978 1329 3015; x_wconf 89' lang='lat' dir='ltr'>quarum</span> <span class='ocrx_word' id='word_1_318' title='bbox 1358 2966 1462 3016; x_wconf 83' lang='lat' dir='ltr'>prior</span> <span class='ocrx_word' id='word_1_319' title='bbox 1483 2968 1649 3006; x_wconf 89' lang='lat' dir='ltr'>refertur</span> <span class='ocrx_word' id='word_1_320' title='bbox 1679 2968 1728 3006; x_wconf 93' lang='lat' dir='ltr'>ad</span> <span class='ocrx_word' id='word_1_321' title='bbox 1751 2968 1867 3007; x_wconf 87' lang='lat' dir='ltr'>verba</span> <span class='ocrx_word' id='word_1_322' title='bbox 1891 2968 2094 3019; x_wconf 86' lang='lat' dir='ltr'>Evangelii</span> <span class='ocrx_word' id='word_1_323' title='bbox 2131 2970 2264 3010; x_wconf 88' lang='lat' dir='ltr'>Lucae</span> 
     </span>
     <span class='ocr_line' id='line_1_35' title="bbox 462 3018 2264 3074; baseline 0.003 -17"><span class='ocrx_word' id='word_1_324' title='bbox 462 3020 652 3068; x_wconf 87' lang='lat'>1121-35,</span> <span class='ocrx_word' id='word_1_325' title='bbox 691 3018 884 3066; x_wconf 85' lang='lat' dir='ltr'>posterior</span> <span class='ocrx_word' id='word_1_326' title='bbox 905 3032 995 3057; x_wconf 87' lang='lat' dir='ltr'>vero</span> <span class='ocrx_word' id='word_1_327' title='bbox 1017 3032 1107 3057; x_wconf 89' lang='lat' dir='ltr'>cum</span> <span class='ocrx_word' id='word_1_328' title='bbox 1136 3032 1319 3058; x_wconf 87' lang='lat' dir='ltr'>sermone</span> <span class='ocrx_word' id='word_1_329' title='bbox 1352 3022 1374 3058; x_wconf 91' lang='lat'><strong>6</strong></span> <span class='ocrx_word' id='word_1_330' title='bbox 1399 3021 1564 3060; x_wconf 87' lang='lat' dir='ltr'>Maximi</span> <span class='ocrx_word' id='word_1_331' title='bbox 1580 3021 1842 3060; x_wconf 88' lang='lat' dir='ltr'>Taurinensis</span> <span class='ocrx_word' id='word_1_332' title='bbox 1873 3023 1946 3072; x_wconf 90' lang='lat' dir='ltr'>(M.</span> <span class='ocrx_word' id='word_1_333' title='bbox 1972 3034 2036 3072; x_wconf 87' lang='lat'>57,</span> <span class='ocrx_word' id='word_1_334' title='bbox 2069 3022 2163 3074; x_wconf 84' lang='lat'>543)</span> <span class='ocrx_word' id='word_1_335' title='bbox 2184 3024 2264 3063; x_wconf 88' lang='lat' dir='ltr'>fere</span> 
     </span>
     <span class='ocr_line' id='line_1_36' title="bbox 461 3072 2262 3125; baseline 0.004 -16"><span class='ocrx_word' id='word_1_336' title='bbox 461 3072 658 3110; x_wconf 89' lang='lat' dir='ltr'>convenit.</span> <span class='ocrx_word' id='word_1_337' title='bbox 678 3074 725 3110; x_wconf 92' lang='lat' dir='ltr'>ln</span> <span class='ocrx_word' id='word_1_338' title='bbox 743 3073 1001 3111; x_wconf 89' lang='lat' dir='ltr'>conclusione</span> <span class='ocrx_word' id='word_1_339' title='bbox 1017 3073 1275 3112; x_wconf 90' lang='lat' dir='ltr'>concionator</span> <span class='ocrx_word' id='word_1_340' title='bbox 1290 3075 1481 3114; x_wconf 88' lang='lat' dir='ltr'>admonet</span> <span class='ocrx_word' id='word_1_341' title='bbox 1497 3085 1518 3116; x_wconf 88' lang='lat'>(&lt;</span> <span class='ocrx_word' id='word_1_342' title='bbox 1535 3075 1739 3125; x_wconf 88' lang='lat' dir='ltr'>xpistianis</span> <span class='ocrx_word' id='word_1_343' title='bbox 1759 3074 1953 3115; x_wconf 90' lang='lat' dir='ltr'>indictum</span> <span class='ocrx_word' id='word_1_344' title='bbox 1970 3090 2056 3116; x_wconf 91' lang='lat' dir='ltr'>esse</span> <span class='ocrx_word' id='word_1_345' title='bbox 2071 3077 2262 3116; x_wconf 86' lang='lat' dir='ltr'>ieiunium</span> 
     </span>
     <span class='ocr_line' id='line_1_37' title="bbox 463 3125 2259 3180; baseline 0.002 -13"><span class='ocrx_word' id='word_1_346' title='bbox 463 3137 483 3167; x_wconf 89' lang='lat'>«</span> <span class='ocrx_word' id='word_1_347' title='bbox 508 3126 573 3164; x_wconf 90' lang='lat' dir='ltr'>die</span> <span class='ocrx_word' id='word_1_348' title='bbox 593 3139 674 3176; x_wconf 93' lang='lat' dir='ltr'>quo</span> <span class='ocrx_word' id='word_1_349' title='bbox 696 3125 843 3164; x_wconf 90' lang='lat' dir='ltr'>ethnici</span> <span class='ocrx_word' id='word_1_350' title='bbox 865 3126 964 3164; x_wconf 88' lang='lat' dir='ltr'>escis</span> <span class='ocrx_word' id='word_1_351' title='bbox 985 3127 1241 3166; x_wconf 87' lang='lat' dir='ltr'>inmoderatis</span> <span class='ocrx_word' id='word_1_352' title='bbox 1268 3135 1306 3166; x_wconf 91' lang='lat' dir='ltr'>et</span> <span class='ocrx_word' id='word_1_353' title='bbox 1337 3129 1489 3178; x_wconf 89' lang='lat' dir='ltr'>poculis</span> <span class='ocrx_word' id='word_1_354' title='bbox 1516 3137 1695 3168; x_wconf 90' lang='lat' dir='ltr'>uentrem</span> <span class='ocrx_word' id='word_1_355' title='bbox 1718 3130 2008 3180; x_wconf 87' lang='lat' dir='ltr'>pulmonesque</span> <span class='ocrx_word' id='word_1_356' title='bbox 2037 3130 2204 3170; x_wconf 90' lang='lat' dir='ltr'>farciunt</span> <span class='ocrx_word' id='word_1_357' title='bbox 2225 3141 2259 3172; x_wconf 87' lang='grc'>&gt;).</span> 
     </span>
     <span class='ocr_line' id='line_1_38' title="bbox 403 3179 1743 3239; baseline 0.003 -21"><span class='ocrx_word' id='word_1_358' title='bbox 403 3227 408 3239; x_wconf 44' lang='grc' dir='ltr'>Ι</span> <span class='ocrx_word' id='word_1_359' title='bbox 463 3179 622 3230; x_wconf 88' lang='lat' dir='ltr'>Legitur</span> <span class='ocrx_word' id='word_1_360' title='bbox 644 3179 749 3218; x_wconf 92' lang='lat' dir='ltr'>idem</span> <span class='ocrx_word' id='word_1_361' title='bbox 771 3192 900 3218; x_wconf 90' lang='lat' dir='ltr'>sermo</span> <span class='ocrx_word' id='word_1_362' title='bbox 922 3180 961 3218; x_wconf 93' lang='lat' dir='ltr'>in</span> <span class='ocrx_word' id='word_1_363' title='bbox 982 3181 1296 3220; x_wconf 89' lang='lat' dir='ltr'>Sacramentario</span> <span class='ocrx_word' id='word_1_364' title='bbox 1316 3183 1525 3231; x_wconf 89' lang='lat' dir='ltr'>Toletano,</span> <span class='ocrx_word' id='word_1_365' title='bbox 1547 3184 1613 3223; x_wconf 85' lang='lat' dir='ltr'>fol.</span> <span class='ocrx_word' id='word_1_366' title='bbox 1640 3186 1743 3222; x_wconf 75' lang='lat' dir='ltr'>118V.</span> 
     </span>
    </p>
   </div>
   <div class='ocr_carea' id='block_1_14' title="bbox 2482 0 2554 3658">
    <p class='ocr_par' dir='ltr' id='par_1_14' title="bbox 2482 0 2554 3658">
     <span class='ocr_line' id='line_1_39' title="bbox 2482 0 2554 3658; baseline 0 0"><span class='ocrx_word' id='word_1_367' title='bbox 2482 0 2554 3658; x_wconf 95' lang='lat' dir='ltr'> </span> 
     </span>
    </p>
   </div>
  </div>
 </body>
</html>
