<?xml version="1.0" encoding="UTF-8"?>
<!DOCTYPE html PUBLIC "-//W3C//DTD XHTML 1.0 Transitional//EN"
    "http://www.w3.org/TR/xhtml1/DTD/xhtml1-transitional.dtd">
<html xmlns="http://www.w3.org/1999/xhtml" xml:lang="en" lang="en">
 <head>
  <title>
</title>
<meta http-equiv="Content-Type" content="text/html;charset=utf-8" />
  <meta name='ocr-system' content='tesseract 3.04.00' />
  <meta name='ocr-capabilities' content='ocr_page ocr_carea ocr_par ocr_line ocrx_word'/>
</head>
<body>
  <div class='ocr_page' id='page_1' title='image "./libercomicussive00moriuoft/libercomicussive00moriuoft_0025.png"; bbox 0 0 2554 3658; ppageno 0'>
   <div class='ocr_carea' id='block_1_1' title="bbox 0 3008 17 3658">
    <p class='ocr_par' dir='ltr' id='par_1_1' title="bbox 0 3008 17 3658">
     <span class='ocr_line' id='line_1_1' title="bbox 0 3008 17 3658; baseline 0 0"><span class='ocrx_word' id='word_1_1' title='bbox 0 3008 17 3658; x_wconf 95' lang='lat' dir='ltr'> </span> 
     </span>
    </p>
   </div>
   <div class='ocr_carea' id='block_1_2' title="bbox 963 323 2076 366">
    <p class='ocr_par' dir='ltr' id='par_1_2' title="bbox 963 323 2076 366">
     <span class='ocr_line' id='line_1_2' title="bbox 963 323 2076 366; baseline -0.001 -1"><span class='ocrx_word' id='word_1_2' title='bbox 963 323 1349 366; x_wconf 81' lang='lat' dir='ltr'><strong>PRAEFATIO.</strong></span> <span class='ocrx_word' id='word_1_3' title='bbox 2004 323 2076 364; x_wconf 45' lang='lat' dir='ltr'>XI»</span> 
     </span>
    </p>
   </div>
   <div class='ocr_carea' id='block_1_3' title="bbox 1536 411 2059 415">
    <p class='ocr_par' dir='ltr' id='par_1_3' title="bbox 1536 411 2059 415">
     <span class='ocr_line' id='line_1_3' title="bbox 1536 411 2059 415; baseline 0 0"><span class='ocrx_word' id='word_1_4' title='bbox 1536 411 2059 415; x_wconf 95' lang='lat' dir='ltr'> </span> 
     </span>
    </p>
   </div>
   <div class='ocr_carea' id='block_1_4' title="bbox 199 444 2079 3090">
    <p class='ocr_par' dir='ltr' id='par_1_4' title="bbox 241 444 2072 1187">
     <span class='ocr_line' id='line_1_4' title="bbox 243 444 2072 543; baseline -0.001 -22"><span class='ocrx_word' id='word_1_5' title='bbox 243 453 503 522; x_wconf 87' lang='lat' dir='ltr'>racenis</span> <span class='ocrx_word' id='word_1_6' title='bbox 550 452 895 543; x_wconf 76' lang='lat' dir='ltr'><strong>Hispania</strong></span> <span class='ocrx_word' id='word_1_7' title='bbox 935 451 1355 523; x_wconf 79' lang='lat' dir='ltr'>Christiani</span> <span class='ocrx_word' id='word_1_8' title='bbox 1341 477 1410 520; x_wconf 94' lang='lat' dir='ltr'>1n</span> <span class='ocrx_word' id='word_1_9' title='bbox 1440 444 1762 520; x_wconf 85' lang='lat' dir='ltr'>montana</span> <span class='ocrx_word' id='word_1_10' title='bbox 1798 478 1869 519; x_wconf 92' lang='lat' dir='ltr'>se</span> <span class='ocrx_word' id='word_1_11' title='bbox 1900 479 2072 520; x_wconf 82' lang='lat' dir='ltr'>1ece-</span> 
     </span>
     <span class='ocr_line' id='line_1_5' title="bbox 242 545 2072 673; baseline -0.002 -56"><span class='ocrx_word' id='word_1_12' title='bbox 242 562 884 673; x_wconf 83' lang='lat' dir='ltr'>perunt‚pr1nclpes</span> <span class='ocrx_word' id='word_1_13' title='bbox 941 573 1194 628; x_wconf 92' lang='lat' dir='ltr'>eorum,</span> <span class='ocrx_word' id='word_1_14' title='bbox 1236 562 1307 616; x_wconf 90' lang='lat' dir='ltr'>ut</span> <span class='ocrx_word' id='word_1_15' title='bbox 1368 545 1600 616; x_wconf 88' lang='lat' dir='ltr'>scribit</span> <span class='ocrx_word' id='word_1_16' title='bbox 1661 545 1889 614; x_wconf 89' lang='lat' dir='ltr'>Lucas</span> <span class='ocrx_word' id='word_1_17' title='bbox 1930 546 2072 614; x_wconf 90' lang='lat' dir='ltr'>Tu-</span> 
     </span>
     <span class='ocr_line' id='line_1_6' title="bbox 242 639 2071 723; baseline -0.002 -11"><span class='ocrx_word' id='word_1_18' title='bbox 242 641 547 723; x_wconf 91' lang='lat' dir='ltr'>densis,‘</span> <span class='ocrx_word' id='word_1_19' title='bbox 609 669 884 711; x_wconf 92' lang='lat' dir='ltr'>omnem</span> <span class='ocrx_word' id='word_1_20' title='bbox 925 641 1314 713; x_wconf 85' lang='lat' dir='ltr'>Gothorum</span> <span class='ocrx_word' id='word_1_21' title='bbox 1351 641 1681 722; x_wconf 90' lang='lat' dir='ltr'>ordinem,</span> <span class='ocrx_word' id='word_1_22' title='bbox 1722 640 1895 710; x_wconf 92' lang='lat' dir='ltr'>sicut</span> <span class='ocrx_word' id='word_1_23' title='bbox 1933 639 2071 708; x_wconf 91' lang='lat' dir='ltr'>To-</span> 
     </span>
     <span class='ocr_line' id='line_1_7' title="bbox 245 735 2065 828; baseline -0.002 -22"><span class='ocrx_word' id='word_1_24' title='bbox 245 745 278 768; x_wconf 92' lang='lat'><strong>“</strong></span> <span class='ocrx_word' id='word_1_25' title='bbox 319 737 452 807; x_wconf 89' lang='lat' dir='ltr'>leto</span> <span class='ocrx_word' id='word_1_26' title='bbox 481 737 711 818; x_wconf 86' lang='lat' dir='ltr'>fuerat,</span> <span class='ocrx_word' id='word_1_27' title='bbox 750 752 887 807; x_wconf 89' lang='lat' dir='ltr'>tam</span> <span class='ocrx_word' id='word_1_28' title='bbox 925 736 991 806; x_wconf 92' lang='lat' dir='ltr'>in</span> <span class='ocrx_word' id='word_1_29' title='bbox 1035 737 1364 818; x_wconf 79' lang='lat' dir='ltr'>Ecclesia,</span> <span class='ocrx_word' id='word_1_30' title='bbox 1403 764 1607 828; x_wconf 92' lang='lat' dir='ltr'>quam</span> <span class='ocrx_word' id='word_1_31' title='bbox 1646 737 1713 805; x_wconf 91' lang='lat' dir='ltr'>in</span> <span class='ocrx_word' id='word_1_32' title='bbox 1751 735 2065 827; x_wconf 83' lang='lat' dir='ltr'>palatio..</span> 
     </span>
     <span class='ocr_line' id='line_1_8' title="bbox 245 831 2069 937; baseline -0.001 -36"><span class='ocrx_word' id='word_1_33' title='bbox 245 840 278 863; x_wconf 91' lang='lat'><strong>“</strong></span> <span class='ocrx_word' id='word_1_34' title='bbox 318 832 458 902; x_wconf 86' lang='lat' dir='ltr'>fieri</span> <span class='ocrx_word' id='word_1_35' title='bbox 496 832 980 902; x_wconf 85' lang='lat' dir='ltr'>ordinaverunt</span> <span class='ocrx_word' id='word_1_36' title='bbox 1013 837 1083 919; x_wconf 83' lang='lat'>(¹)</span> <span class='ocrx_word' id='word_1_37' title='bbox 1223 831 1437 903; x_wconf 92' lang='lat' dir='ltr'>Unde</span> <span class='ocrx_word' id='word_1_38' title='bbox 1492 859 1628 937; x_wconf 80' lang='lat' dir='ltr'>non</span> <span class='ocrx_word' id='word_1_39' title='bbox 1667 831 1913 901; x_wconf 89' lang='lat' dir='ltr'>mirum</span> <span class='ocrx_word' id='word_1_40' title='bbox 1950 846 2069 910; x_wconf 91' lang='lat' dir='ltr'>est,</span> 
     </span>
     <span class='ocr_line' id='line_1_9' title="bbox 241 925 2071 998; baseline -0.001 -2"><span class='ocrx_word' id='word_1_41' title='bbox 241 926 296 996; x_wconf 90' lang='lat' dir='ltr'>si</span> <span class='ocrx_word' id='word_1_42' title='bbox 333 942 431 997; x_wconf 92' lang='lat' dir='ltr'>tot</span> <span class='ocrx_word' id='word_1_43' title='bbox 467 927 736 998; x_wconf 91' lang='lat' dir='ltr'>codices</span> <span class='ocrx_word' id='word_1_44' title='bbox 776 927 1097 997; x_wconf 80' lang='lat' dir='ltr'>Toletani</span> <span class='ocrx_word' id='word_1_45' title='bbox 1155 927 1566 997; x_wconf 89' lang='lat' dir='ltr'>monasterio</span> <span class='ocrx_word' id='word_1_46' title='bbox 1604 927 1670 996; x_wconf 91' lang='lat' dir='ltr'>in</span> <span class='ocrx_word' id='word_1_47' title='bbox 1709 925 2071 996; x_wconf 91' lang='lat' dir='ltr'>remotissi-</span> 
     </span>
     <span class='ocr_line' id='line_1_10' title="bbox 242 1020 2069 1113; baseline -0.001 -22"><span class='ocrx_word' id='word_1_48' title='bbox 242 1022 370 1091; x_wconf 91' lang='lat' dir='ltr'>mis</span> <span class='ocrx_word' id='word_1_49' title='bbox 408 1021 752 1094; x_wconf 84' lang='lat' dir='ltr'>Castellae</span> <span class='ocrx_word' id='word_1_50' title='bbox 768 1022 1072 1113; x_wconf 88' lang='lat' dir='ltr'>partibus</span> <span class='ocrx_word' id='word_1_51' title='bbox 1097 1022 1226 1092; x_wconf 90' lang='lat' dir='ltr'>sito</span> <span class='ocrx_word' id='word_1_52' title='bbox 1255 1020 1454 1092; x_wconf 82' lang='lat' dir='ltr'>etiam</span> <span class='ocrx_word' id='word_1_53' title='bbox 1496 1037 1785 1092; x_wconf 85' lang='lat' dir='ltr'>exeunte</span> <span class='ocrx_word' id='word_1_54' title='bbox 1822 1049 1990 1091; x_wconf 93' lang='lat' dir='ltr'>saec</span> <span class='ocrx_word' id='word_1_55' title='bbox 2003 1048 2069 1090; x_wconf 78' lang='lat' dir='ltr'>xl</span> 
     </span>
     <span class='ocr_line' id='line_1_11' title="bbox 244 1116 694 1187; baseline 0.005 -2"><span class='ocrx_word' id='word_1_56' title='bbox 244 1116 465 1186; x_wconf 86' lang='lat' dir='ltr'>traditi</span> <span class='ocrx_word' id='word_1_57' title='bbox 494 1116 694 1187; x_wconf 88' lang='lat' dir='ltr'>fuere</span> 
     </span>
    </p>

    <p class='ocr_par' dir='ltr' id='par_1_5' title="bbox 239 1210 2079 2350">
     <span class='ocr_line' id='line_1_12' title="bbox 339 1210 2071 1305; baseline -0.001 -24"><span class='ocrx_word' id='word_1_58' title='bbox 339 1210 485 1305; x_wconf 72' lang='lat' dir='ltr'>Qui</span> <span class='ocrx_word' id='word_1_59' title='bbox 510 1212 787 1304; x_wconf 92' lang='lat' dir='ltr'>quidem</span> <span class='ocrx_word' id='word_1_60' title='bbox 812 1228 876 1282; x_wconf 92' lang='lat' dir='ltr'>et</span> <span class='ocrx_word' id='word_1_61' title='bbox 899 1212 953 1281; x_wconf 93' lang='lat' dir='ltr'>si</span> <span class='ocrx_word' id='word_1_62' title='bbox 977 1212 1165 1304; x_wconf 84' lang='lat' dir='ltr'>digni</span> <span class='ocrx_word' id='word_1_63' title='bbox 1194 1212 1815 1303; x_wconf 89' lang='lat' dir='ltr'>sunt‚qu1adunum</span> <span class='ocrx_word' id='word_1_64' title='bbox 1833 1239 2071 1281; x_wconf 90' lang='lat' dir='ltr'>omnes</span> 
     </span>
     <span class='ocr_line' id='line_1_13' title="bbox 242 1306 2072 1413; baseline -0.001 -37"><span class='ocrx_word' id='word_1_65' title='bbox 242 1307 310 1376; x_wconf 90' lang='lat' dir='ltr'>in</span> <span class='ocrx_word' id='word_1_66' title='bbox 349 1307 570 1377; x_wconf 93' lang='lat' dir='ltr'>lucem</span> <span class='ocrx_word' id='word_1_67' title='bbox 600 1306 1172 1389; x_wconf 79' lang='lat' dir='ltr'>edantur,nullum</span> <span class='ocrx_word' id='word_1_68' title='bbox 1203 1323 1430 1413; x_wconf 81' lang='lat' dir='ltr'>tamen</span> <span class='ocrx_word' id='word_1_69' title='bbox 1462 1335 1576 1377; x_wconf 93' lang='grc'>605</span> <span class='ocrx_word' id='word_1_70' title='bbox 1606 1308 1778 1378; x_wconf 90' lang='lat' dir='ltr'>inter</span> <span class='ocrx_word' id='word_1_71' title='bbox 1800 1307 2072 1398; x_wconf 91' lang='lat' dir='ltr'>reperiri</span> 
     </span>
     <span class='ocr_line' id='line_1_14' title="bbox 242 1400 2073 1494; baseline -0.001 -23"><span class='ocrx_word' id='word_1_72' title='bbox 242 1402 576 1483; x_wconf 85' lang='lat' dir='ltr'>existimO,</span> <span class='ocrx_word' id='word_1_73' title='bbox 615 1402 732 1494; x_wconf 91' lang='lat' dir='ltr'>qui</span> <span class='ocrx_word' id='word_1_74' title='bbox 768 1400 856 1472; x_wconf 91' lang='lat' dir='ltr'>ad</span> <span class='ocrx_word' id='word_1_75' title='bbox 893 1402 1309 1473; x_wconf 91' lang='lat' dir='ltr'>eruditorum</span> <span class='ocrx_word' id='word_1_76' title='bbox 1356 1403 1653 1473; x_wconf 86' lang='lat' dir='ltr'>virorum</span> <span class='ocrx_word' id='word_1_77' title='bbox 1690 1402 2073 1473; x_wconf 90' lang='lat' dir='ltr'>delectatio-</span> 
     </span>
     <span class='ocr_line' id='line_1_15' title="bbox 242 1497 2075 1603; baseline 0.001 -37"><span class='ocrx_word' id='word_1_78' title='bbox 242 1525 398 1602; x_wconf 84' lang='lat' dir='ltr'>nem</span> <span class='ocrx_word' id='word_1_79' title='bbox 434 1497 654 1603; x_wconf 88' lang='lat' dir='ltr'>aptior</span> <span class='ocrx_word' id='word_1_80' title='bbox 687 1497 790 1575; x_wconf 91' lang='lat' dir='ltr'>sit</span> <span class='ocrx_word' id='word_1_81' title='bbox 829 1525 1035 1603; x_wconf 93' lang='lat' dir='ltr'>quam</span> <span class='ocrx_word' id='word_1_82' title='bbox 1099 1498 1310 1568; x_wconf 88' lang='lat' dir='ltr'>Liber</span> <span class='ocrx_word' id='word_1_83' title='bbox 1345 1499 1468 1568; x_wconf 89' lang='lat' dir='ltr'>iste</span> <span class='ocrx_word' id='word_1_84' title='bbox 1525 1498 1874 1570; x_wconf 81' lang='lat' dir='ltr'>Comicus,</span> <span class='ocrx_word' id='word_1_85' title='bbox 1923 1498 2075 1568; x_wconf 82' lang='lat' dir='ltr'>Sin-</span> 
     </span>
     <span class='ocr_line' id='line_1_16' title="bbox 243 1592 2078 1685; baseline -0.001 -23"><span class='ocrx_word' id='word_1_86' title='bbox 243 1592 457 1663; x_wconf 92' lang='lat' dir='ltr'>cerior</span> <span class='ocrx_word' id='word_1_87' title='bbox 493 1620 560 1662; x_wconf 93' lang='lat' dir='ltr'>1n</span> <span class='ocrx_word' id='word_1_88' title='bbox 597 1620 696 1673; x_wconf 91' lang='grc'>60,</span> <span class='ocrx_word' id='word_1_89' title='bbox 736 1592 864 1662; x_wconf 80' lang='lat' dir='ltr'>nisl</span> <span class='ocrx_word' id='word_1_90' title='bbox 902 1593 1066 1684; x_wconf 90' lang='lat' dir='ltr'>quid</span> <span class='ocrx_word' id='word_1_91' title='bbox 1130 1621 1238 1663; x_wconf 92' lang='lat' dir='ltr'>me</span> <span class='ocrx_word' id='word_1_92' title='bbox 1293 1593 1475 1676; x_wconf 88' lang='lat' dir='ltr'>fallit,</span> <span class='ocrx_word' id='word_1_93' title='bbox 1513 1609 1717 1684; x_wconf 90' lang='lat' dir='ltr'>atque</span> <span class='ocrx_word' id='word_1_94' title='bbox 1754 1593 2078 1685; x_wconf 78' lang='lat' dir='ltr'>integrior</span> 
     </span>
     <span class='ocr_line' id='line_1_17' title="bbox 242 1687 2078 1778; baseline 0 -21"><span class='ocrx_word' id='word_1_95' title='bbox 242 1687 657 1778; x_wconf 85' lang='lat' dir='ltr'>antiquitatis</span> <span class='ocrx_word' id='word_1_96' title='bbox 714 1702 873 1757; x_wconf 90' lang='lat' dir='ltr'>nota</span> <span class='ocrx_word' id='word_1_97' title='bbox 908 1704 1171 1758; x_wconf 85' lang='lat' dir='ltr'>servata</span> <span class='ocrx_word' id='word_1_98' title='bbox 1229 1704 1366 1759; x_wconf 88' lang='lat' dir='ltr'>est:</span> <span class='ocrx_word' id='word_1_99' title='bbox 1425 1687 1588 1759; x_wconf 90' lang='lat' dir='ltr'>nihil</span> <span class='ocrx_word' id='word_1_100' title='bbox 1626 1689 1712 1759; x_wconf 93' lang='lat' dir='ltr'>de</span> <span class='ocrx_word' id='word_1_101' title='bbox 1751 1688 2078 1758; x_wconf 90' lang='lat' dir='ltr'>industria</span> 
     </span>
     <span class='ocr_line' id='line_1_18' title="bbox 240 1782 2073 1876; baseline 0.001 -24"><span class='ocrx_word' id='word_1_102' title='bbox 240 1782 577 1873; x_wconf 89' lang='lat' dir='ltr'>mutilum,</span> <span class='ocrx_word' id='word_1_103' title='bbox 609 1782 774 1852; x_wconf 90' lang='lat' dir='ltr'>nihil</span> <span class='ocrx_word' id='word_1_104' title='bbox 811 1783 996 1874; x_wconf 93' lang='lat' dir='ltr'>quod</span> <span class='ocrx_word' id='word_1_105' title='bbox 1058 1799 1239 1853; x_wconf 90' lang='lat' dir='ltr'>certo</span> <span class='ocrx_word' id='word_1_106' title='bbox 1298 1784 1622 1876; x_wconf 82' lang='lat' dir='ltr'>probetur</span> <span class='ocrx_word' id='word_1_107' title='bbox 1656 1784 2073 1865; x_wconf 90' lang='lat' dir='ltr'>additicium,</span> 
     </span>
     <span class='ocr_line' id='line_1_19' title="bbox 244 1877 2079 1965; baseline 0.001 -18"><span class='ocrx_word' id='word_1_108' title='bbox 244 1885 278 1909; x_wconf 89' lang='lat'><strong>“</strong></span> <span class='ocrx_word' id='word_1_109' title='bbox 307 1877 472 1947; x_wconf 90' lang='lat' dir='ltr'>nihil</span> <span class='ocrx_word' id='word_1_110' title='bbox 502 1878 568 1947; x_wconf 89' lang='lat' dir='ltr'>in</span> <span class='ocrx_word' id='word_1_111' title='bbox 599 1877 712 1947; x_wconf 94' lang='lat' dir='ltr'>illo</span> <span class='ocrx_word' id='word_1_112' title='bbox 742 1878 868 1965; x_wconf 85' lang='lat' dir='ltr'>(uti</span> <span class='ocrx_word' id='word_1_113' title='bbox 890 1877 976 1948; x_wconf 95' lang='lat' dir='ltr'>de</span> <span class='ocrx_word' id='word_1_114' title='bbox 1006 1878 1440 1949; x_wconf 88' lang='lat' dir='ltr'>Lectionario</span> <span class='ocrx_word' id='word_1_115' title='bbox 1466 1879 1823 1951; x_wconf 83' lang='lat' dir='ltr'>Gallicano</span> <span class='ocrx_word' id='word_1_116' title='bbox 1847 1879 2079 1949; x_wconf 89' lang='lat' dir='ltr'>scribit</span> 
     </span>
     <span class='ocr_line' id='line_1_20' title="bbox 250 1972 2077 2066; baseline 0 -23"><span class='ocrx_word' id='word_1_117' title='bbox 250 1972 735 2056; x_wconf 87' lang='lat' dir='ltr'>Mabillonius)</span> <span class='ocrx_word' id='word_1_118' title='bbox 793 2000 929 2042; x_wconf 91' lang='lat' dir='ltr'>non</span> <span class='ocrx_word' id='word_1_119' title='bbox 982 1973 1270 2066; x_wconf 91' lang='lat' dir='ltr'>dignum</span> <span class='ocrx_word' id='word_1_120' title='bbox 1339 1974 1814 2045; x_wconf 86' lang='lat' dir='ltr'>observatione</span> <span class='ocrx_word' id='word_1_121' title='bbox 1851 1975 1897 2055; x_wconf 86' lang='lat'>&#39;&#39;,</span> <span class='ocrx_word' id='word_1_122' title='bbox 1957 1974 2077 2044; x_wconf 91' lang='lat' dir='ltr'>sed</span> 
     </span>
     <span class='ocr_line' id='line_1_21' title="bbox 243 2067 2074 2161; baseline 0 -24"><span class='ocrx_word' id='word_1_123' title='bbox 243 2067 455 2138; x_wconf 88' lang='lat' dir='ltr'>multa</span> <span class='ocrx_word' id='word_1_124' title='bbox 490 2067 715 2138; x_wconf 91' lang='lat' dir='ltr'>adhuc</span> <span class='ocrx_word' id='word_1_125' title='bbox 754 2067 1034 2138; x_wconf 87' lang='lat' dir='ltr'>minime</span> <span class='ocrx_word' id='word_1_126' title='bbox 1070 2085 1525 2159; x_wconf 89' lang='lat' dir='ltr'>praesensa,et</span> <span class='ocrx_word' id='word_1_127' title='bbox 1561 2098 1735 2161; x_wconf 92' lang='lat' dir='ltr'>quae</span> <span class='ocrx_word' id='word_1_128' title='bbox 1770 2071 1857 2139; x_wconf 91' lang='lat' dir='ltr'>ad</span> <span class='ocrx_word' id='word_1_129' title='bbox 1894 2069 2074 2138; x_wconf 90' lang='lat' dir='ltr'>litur-</span> 
     </span>
     <span class='ocr_line' id='line_1_22' title="bbox 239 2162 2075 2255; baseline 0.001 -23"><span class='ocrx_word' id='word_1_130' title='bbox 239 2162 390 2255; x_wconf 90' lang='lat' dir='ltr'>giae</span> <span class='ocrx_word' id='word_1_131' title='bbox 458 2163 894 2233; x_wconf 90' lang='lat' dir='ltr'>occidentalis</span> <span class='ocrx_word' id='word_1_132' title='bbox 963 2164 1333 2255; x_wconf 90' lang='lat' dir='ltr'>primordia</span> <span class='ocrx_word' id='word_1_133' title='bbox 1391 2166 1812 2235; x_wconf 90' lang='lat' dir='ltr'>enucleanda</span> <span class='ocrx_word' id='word_1_134' title='bbox 1893 2165 2075 2233; x_wconf 91' lang='lat' dir='ltr'>haud</span> 
     </span>
     <span class='ocr_line' id='line_1_23' title="bbox 243 2257 926 2350; baseline 0.003 -23"><span class='ocrx_word' id='word_1_135' title='bbox 243 2285 484 2350; x_wconf 85' lang='lat' dir='ltr'>parum</span> <span class='ocrx_word' id='word_1_136' title='bbox 521 2257 926 2329; x_wconf 85' lang='lat' dir='ltr'>conducant</span> 
     </span>
    </p>

    <p class='ocr_par' dir='ltr' id='par_1_6' title="bbox 199 2311 2075 3090">
     <span class='ocr_line' id='line_1_24' title="bbox 335 2311 2075 2459; baseline -0.001 -35"><span class='ocrx_word' id='word_1_137' title='bbox 335 2354 577 2445; x_wconf 87' lang='lat' dir='ltr'>Atque</span> <span class='ocrx_word' id='word_1_138' title='bbox 613 2353 872 2423; x_wconf 89' lang='lat' dir='ltr'>utinam</span> <span class='ocrx_word' id='word_1_139' title='bbox 930 2354 982 2422; x_wconf 90' lang='lat' dir='ltr'>is</span> <span class='ocrx_word' id='word_1_140' title='bbox 1021 2381 1105 2423; x_wconf 93' lang='lat' dir='ltr'>ne</span> <span class='ocrx_word' id='word_1_141' title='bbox 1140 2354 1463 2459; x_wconf 85' lang='lat' dir='ltr'>paginula</span> <span class='ocrx_word' id='word_1_142' title='bbox 1511 2311 1785 2445; x_wconf 91' lang='lat' dir='ltr'>quidem</span> <span class='ocrx_word' id='word_1_143' title='bbox 1842 2355 2075 2424; x_wconf 81' lang='lat' dir='ltr'>avulsa</span> 
     </span>
     <span class='ocr_line' id='line_1_25' title="bbox 240 2448 2072 2541; baseline 0 -23"><span class='ocrx_word' id='word_1_144' title='bbox 240 2448 329 2518; x_wconf 89' lang='lat' dir='ltr'>ad</span> <span class='ocrx_word' id='word_1_145' title='bbox 358 2476 481 2518; x_wconf 90' lang='lat' dir='ltr'>nos</span> <span class='ocrx_word' id='word_1_146' title='bbox 517 2449 976 2540; x_wconf 87' lang='lat' dir='ltr'>pervenisset!</span> <span class='ocrx_word' id='word_1_147' title='bbox 1018 2449 1129 2518; x_wconf 83' lang='lat' dir='ltr'>Ex</span> <span class='ocrx_word' id='word_1_148' title='bbox 1166 2477 1246 2519; x_wconf 93' lang='lat' dir='ltr'>eo</span> <span class='ocrx_word' id='word_1_149' title='bbox 1275 2476 1455 2520; x_wconf 81' lang='lat' dir='ltr'>enim</span> <span class='ocrx_word' id='word_1_150' title='bbox 1495 2450 1829 2540; x_wconf 87' lang='lat' dir='ltr'>quaedam</span> <span class='ocrx_word' id='word_1_151' title='bbox 1862 2450 2072 2541; x_wconf 90' lang='lat' dir='ltr'>suspi-</span> 
     </span>
     <span class='ocr_line' id='line_1_26' title="bbox 241 2542 2075 2636; baseline 0.001 -24"><span class='ocrx_word' id='word_1_152' title='bbox 241 2542 346 2612; x_wconf 92' lang='lat' dir='ltr'>cio</span> <span class='ocrx_word' id='word_1_153' title='bbox 383 2543 610 2626; x_wconf 85' lang='lat' dir='ltr'>oritur,</span> <span class='ocrx_word' id='word_1_154' title='bbox 640 2544 824 2635; x_wconf 93' lang='lat' dir='ltr'>quod</span> <span class='ocrx_word' id='word_1_155' title='bbox 855 2543 1067 2613; x_wconf 89' lang='lat' dir='ltr'>Liber</span> <span class='ocrx_word' id='word_1_156' title='bbox 1093 2543 1445 2636; x_wconf 83' lang='lat' dir='ltr'>evangelio</span> <span class='ocrx_word' id='word_1_157' title='bbox 1476 2545 1887 2614; x_wconf 91' lang='lat' dir='ltr'>Dominicae</span> <span class='ocrx_word' id='word_1_158' title='bbox 1913 2573 2075 2613; x_wconf 82' lang='lat' dir='ltr'>XXIV</span> 
     </span>
     <span class='ocr_line' id='line_1_27' title="bbox 199 2638 2072 2730; baseline 0.001 -22"><span class='ocrx_word' id='word_1_159' title='bbox 199 2638 526 2730; x_wconf 79' lang='lat' dir='ltr'>abrupte</span> <span class='ocrx_word' id='word_1_160' title='bbox 555 2638 995 2709; x_wconf 88' lang='lat' dir='ltr'>concluditur.</span> <span class='ocrx_word' id='word_1_161' title='bbox 1036 2638 1231 2708; x_wconf 90' lang='lat' dir='ltr'>Nihil</span> <span class='ocrx_word' id='word_1_162' title='bbox 1258 2655 1482 2709; x_wconf 90' lang='lat' dir='ltr'>tamen</span> <span class='ocrx_word' id='word_1_163' title='bbox 1514 2640 1714 2709; x_wconf 91' lang='lat' dir='ltr'>ullius</span> <span class='ocrx_word' id='word_1_164' title='bbox 1743 2641 2072 2710; x_wconf 89' lang='lat' dir='ltr'>momenti</span> 
     </span>
     <span class='ocr_line' id='line_1_28' title="bbox 240 2733 2071 2838; baseline 0.001 -36"><span class='ocrx_word' id='word_1_165' title='bbox 240 2734 426 2838; x_wconf 92' lang='lat' dir='ltr'>quod</span> <span class='ocrx_word' id='word_1_166' title='bbox 461 2733 881 2804; x_wconf 85' lang='lat' dir='ltr'>desideretur</span> <span class='ocrx_word' id='word_1_167' title='bbox 916 2734 1294 2825; x_wconf 84' lang='lat' dir='ltr'>excogitare</span> <span class='ocrx_word' id='word_1_168' title='bbox 1331 2735 1610 2825; x_wconf 88' lang='lat' dir='ltr'>possim,</span> <span class='ocrx_word' id='word_1_169' title='bbox 1650 2750 1912 2825; x_wconf 89' lang='lat' dir='ltr'>praeter</span> <span class='ocrx_word' id='word_1_170' title='bbox 1948 2735 2071 2804; x_wconf 91' lang='lat' dir='ltr'>lec-</span> 
     </span>
     <span class='ocr_line' id='line_1_29' title="bbox 239 2828 2072 2934; baseline 0.001 -37"><span class='ocrx_word' id='word_1_171' title='bbox 239 2828 457 2898; x_wconf 89' lang='lat' dir='ltr'>tiones</span> <span class='ocrx_word' id='word_1_172' title='bbox 493 2828 559 2898; x_wconf 95' lang='lat' dir='ltr'>in</span> <span class='ocrx_word' id='word_1_173' title='bbox 598 2829 785 2898; x_wconf 89' lang='lat' dir='ltr'>obitu</span> <span class='ocrx_word' id='word_1_174' title='bbox 821 2828 925 2898; x_wconf 88' lang='lat' dir='ltr'>vel</span> <span class='ocrx_word' id='word_1_175' title='bbox 953 2828 1377 2934; x_wconf 86' lang='lat' dir='ltr'>depositione</span> <span class='ocrx_word' id='word_1_176' title='bbox 1414 2830 1840 2934; x_wconf 87' lang='lat' dir='ltr'>sacerdotum</span> <span class='ocrx_word' id='word_1_177' title='bbox 1870 2845 2072 2920; x_wconf 90' lang='lat' dir='ltr'>atque</span> 
     </span>
     <span class='ocr_line' id='line_1_30' title="bbox 242 2923 2073 3014; baseline 0.001 -22"><span class='ocrx_word' id='word_1_178' title='bbox 242 2923 546 2993; x_wconf 87' lang='lat' dir='ltr'>fidelium</span> <span class='ocrx_word' id='word_1_179' title='bbox 583 2924 979 3005; x_wconf 81' lang='lat' dir='ltr'>recitandaS,</span> <span class='ocrx_word' id='word_1_180' title='bbox 1018 2951 1187 3014; x_wconf 89' lang='lat' dir='ltr'>quas</span> <span class='ocrx_word' id='word_1_181' title='bbox 1223 2924 1395 2994; x_wconf 90' lang='lat' dir='ltr'>sicut</span> <span class='ocrx_word' id='word_1_182' title='bbox 1433 2925 1498 2994; x_wconf 91' lang='lat' dir='ltr'>in</span> <span class='ocrx_word' id='word_1_183' title='bbox 1539 2924 1917 3005; x_wconf 80' lang='lat' dir='ltr'>Gallicano,</span> <span class='ocrx_word' id='word_1_184' title='bbox 1984 2926 2073 2994; x_wconf 90' lang='lat' dir='ltr'>ita</span> 
     </span>
     <span class='ocr_line' id='line_1_31' title="bbox 241 3017 2071 3090; baseline 0.001 -2"><span class='ocrx_word' id='word_1_185' title='bbox 241 3033 307 3088; x_wconf 88' lang='lat' dir='ltr'>et</span> <span class='ocrx_word' id='word_1_186' title='bbox 342 3017 409 3088; x_wconf 92' lang='lat' dir='ltr'>in</span> <span class='ocrx_word' id='word_1_187' title='bbox 447 3017 576 3087; x_wconf 94' lang='lat' dir='ltr'>hoc</span> <span class='ocrx_word' id='word_1_188' title='bbox 615 3033 846 3088; x_wconf 91' lang='lat' dir='ltr'>nostro</span> <span class='ocrx_word' id='word_1_189' title='bbox 887 3018 1324 3089; x_wconf 89' lang='lat' dir='ltr'>Lectionario</span> <span class='ocrx_word' id='word_1_190' title='bbox 1360 3020 1696 3090; x_wconf 83' lang='lat' dir='ltr'>exstitisse</span> <span class='ocrx_word' id='word_1_191' title='bbox 1733 3020 1916 3090; x_wconf 90' lang='lat' dir='ltr'>haud</span> <span class='ocrx_word' id='word_1_192' title='bbox 1954 3020 2071 3090; x_wconf 93' lang='lat' dir='ltr'>du-</span> 
     </span>
    </p>
   </div>
   <div class='ocr_carea' id='block_1_5' title="bbox 1857 3163 2063 3171">
    <p class='ocr_par' dir='ltr' id='par_1_7' title="bbox 1857 3163 2063 3171">
     <span class='ocr_line' id='line_1_32' title="bbox 1857 3163 2063 3171; baseline 0 0"><span class='ocrx_word' id='word_1_193' title='bbox 1857 3163 2063 3171; x_wconf 95' lang='lat' dir='ltr'> </span> 
     </span>
    </p>
   </div>
   <div class='ocr_carea' id='block_1_6' title="bbox 304 3217 1104 3275">
    <p class='ocr_par' dir='ltr' id='par_1_8' title="bbox 304 3217 1104 3275">
     <span class='ocr_line' id='line_1_33' title="bbox 304 3217 1104 3275; baseline -0.004 -15"><span class='ocrx_word' id='word_1_194' title='bbox 304 3228 334 3260; x_wconf 84' lang='lat'>1.</span> <span class='ocrx_word' id='word_1_195' title='bbox 363 3217 473 3258; x_wconf 84' lang='lat' dir='ltr'>Patr.</span> <span class='ocrx_word' id='word_1_196' title='bbox 502 3217 599 3261; x_wconf 86' lang='lat' dir='ltr'>Lat.</span> <span class='ocrx_word' id='word_1_197' title='bbox 621 3225 650 3259; x_wconf 93' lang='lat' dir='ltr'>t.</span> <span class='ocrx_word' id='word_1_198' title='bbox 674 3219 741 3275; x_wconf 85' lang='lat'>85,</span> <span class='ocrx_word' id='word_1_199' title='bbox 763 3218 844 3260; x_wconf 87' lang='lat' dir='ltr'>col.</span> <span class='ocrx_word' id='word_1_200' title='bbox 867 3219 935 3270; x_wconf 86' lang='lat'>85,</span> <span class='ocrx_word' id='word_1_201' title='bbox 958 3227 1049 3260; x_wconf 78' lang='lat' dir='ltr'>not.</span> <span class='ocrx_word' id='word_1_202' title='bbox 1070 3233 1104 3264; x_wconf 75' lang='lat' dir='ltr'>c,</span> 
     </span>
    </p>
   </div>
  </div>
 </body>
</html>
