2554 3658
700 367 978 403 LEc‘rloNES
1015 354 1079 400 Ex
1116 367 1372 402 APOSTOLO
1409 367 1689 402 CAPUANAE.

350 685 405 725 ad
430 684 614 727 Galatas
636 687 718 728 sub
739 687 871 730 titulo
893 697 997 731 XIII.

345 1099 401 1140 ad
425 1098 618 1142 thessall.
638 1110 653 1142 Ι
676 1102 758 1143 sub
779 1101 912 1144 titulo
933 1111 1032 1144 XXI.

283 1455 455 1488 PRIDIE
487 1456 687 1489 NATALE
719 1457 907 1490 DOMINI

339 1516 395 1557 ad
418 1516 604 1571 philipp.
627 1517 710 1559 sub
732 1517 866 1559 titulo
889 1527 992 1559 XIII.

281 1800 336 1833 IN
371 1773 573 1834 NATALE
606 1802 795 1834 DOMINI

336 1861 392 1902 ad
435 1860 623 1903 hebreos
668 1862 932 1916 principium
972 1864 1082 1916 epis-

277 1929 410 1971 tulae.

278 2076 331 2108 IN
368 2075 567 2109 NATALE
595 2076 776 2109 SANCTI
800 2103 805 2109 .
833 2077 1083 2111 IOHANNIS

333 2136 389 2177 ad
434 2136 699 2179 timotheum
746 2147 781 2178 11
824 2138 906 2179 sub
949 2138 1080 2180 titulo

336 2215 453 2247 XVII.

279 2345 333 2378 IN
368 2344 567 2378 NATALE
599 2346 941 2381 INNOCENTUM

336 2407 392 2449 ad
416 2420 624 2449 romanos
645 2408 727 2448 sub
749 2407 881 2450 titulo
903 2417 968 2450 XI.

278 2614 344 2646 DE
375 2614 775 2648 CIRCUMCISIONE
806 2617 995 2649 DOMINI

335 2675 391 2717 ad
415 2688 624 2717 romanos
647 2677 729 2718 sub
751 2676 881 2719 titulo
904 2687 964 2720 LI.

276 2958 342 2990 DE
373 2957 545 2992 EODEM
579 2960 664 2991 DIE
695 2960 898 2993 CONTRA
930 2961 1081 2996 IDOLA

334 3018 390 3059 ad
443 3019 694 3061 corintheos
751 3030 766 3061 1
818 3022 901 3063 sub
951 3023 1082 3065 titulo

336 3096 546 3130 XXXVIII.

2000 366 2098 414 437

1184 480 1283 524 cula
1325 481 1613 523 saeculorum.
1658 480 1820 523 Amen.
1861 481 2014 535 (Rom.
2051 491 2104 523 XI

1184 551 1335 604 25-36)

1242 688 1314 727 De
1335 687 1560 726 aduentu
1590 687 1785 725 domini
1806 686 1955 724 lectio
1977 686 2105 724 coti-

1184 758 1345 796 diana.
1385 757 1562 798 Fratres
1598 756 1843 797 secundum
1877 754 2103 796 hominem

1183 827 1294 868 dico.
1338 826 1509 868 Tamen
1552 825 1747 867 hominis
1792 824 2103 867 confirmatum

1182 901 1502 938 testamentum
1515 927 1621 936 ......
1640 907 1718 948 per
1732 893 1863 936 fidem
1882 894 1924 936 in
1940 893 2105 936 christo

1184 965 1323 1009 ihesu,
1345 964 1463 1018 (Gal.
1487 974 1545 1006 111
1575 964 1722 1018 15-26)

1245 1103 1315 1141 De
1356 1103 1578 1141 aduentu
1620 1102 1826 1140 domini.
1873 1101 2105 1155 Rogamus

1180 1177 1329 1214 autem
1355 1184 1436 1213 uos
1472 1171 1629 1213 fratres
1650 1171 1859 1226 corripite
1881 1171 2104 1226 inquietos

1182 1274 1288 1283 ......
1306 1241 1349 1282 in
1365 1241 1610 1283 aduentum
1626 1241 1796 1283 domini
1813 1240 1938 1283 ihesu
1953 1240 2104 1282 christi

1180 1316 1380 1352 seruetur
1401 1310 1438 1365 (Ι
1461 1310 1617 1353 Thess.
1640 1320 1670 1350 V
1699 1322 1796 1362 14-2
1804 1310 1848 1364 3)

1243 1449 1410 1487 Pridie
1458 1448 1623 1486 natale
1671 1447 1865 1486 domini
1906 1475 1915 1486 .
1958 1448 2102 1486 etin

1178 1521 1330 1556 noctu
1367 1520 1558 1556 sancta
1590 1517 1786 1559 Gaudite
1827 1518 1871 1559 in
1914 1518 2103 1559 domino

1172 1601 1350 1642 semper
1397 1620 1503 1629 ......
1549 1586 1672 1641 pacis
1720 1588 1802 1629 erit
1853 1587 2102 1630 uobiscum.

1177 1656 1307 1711 (Phil.
1334 1666 1386 1697 IV
1406 1657 1502 1711 4-9)

1238 1794 1297 1832 In
1348 1793 1512 1831 natale
1553 1793 1762 1832 domini.
1807 1792 2099 1835 Multifariam

1199 1896 1284 1905 .....
1310 1862 1469 1917 (Hebr.
1495 1872 1510 1903 1
1539 1861 1620 1915 1-?)

1236 2070 1297 2108 In
1310 2071 1474 2108 natale
1491 2071 1650 2109 sancti
1667 2070 1917 2109 Iohannis.
1938 2071 2098 2114 Omnis

1171 2139 1388 2193 scriptura
1425 2138 1644 2181 diuinitus
1671 2172 1776 2181 ......
1808 2140 1883 2194 qui
1905 2139 2098 2194 diligunt

1170 2209 1415 2250 aduentum
1431 2209 1537 2251 eius,
1553 2208 1598 2262 (2
1616 2208 1811 2250 Timoth.
1836 2219 1893 2251 111
1915 2210 2037 2251 16-1v
2052 2210 2098 2263 8)

1235 2340 1294 2378 In
1316 2341 1481 2379 natale
1502 2341 1844 2379 innocentum.
1863 2340 2097 2383 Iustificati

1174 2409 1306 2463 igitur
1323 2423 1381 2451 ex
1398 2409 1484 2451 fide
1504 2443 1609 2451 ......
1629 2409 1702 2463 qui
1719 2409 1850 2451 datus
1868 2416 1935 2451 est
1957 2410 2094 2458 nobis.

1173 2479 1324 2532 (Rom.
1346 2489 1376 2520 v
1404 2479 1494 2532 1-5)

1234 2610 1306 2648 De
1364 2611 1760 2653 circumcisione,
1797 2611 1863 2667 in·
1896 2611 2096 2650 octabas

1170 2679 1375 2718 domini.
1394 2679 1509 2722 Dico
1532 2680 1650 2722 enim
1683 2681 1898 2723 christum
1922 2681 2093 2723 ihesum

1172 2748 1423 2791 ministrum
1474 2748 1610 2791 fuisse
1667 2783 1772 2792 ......
1833 2750 2093 2793 alterutrum

1169 2831 1362 2861 monere.
1385 2818 1540 2872 (Rom.
1562 2829 1628 2860 XV
1650 2820 1775 2874 4-14)

1226 2954 1333 3006 (Ad
1349 2954 1592 3008 marginem
1614 2955 1739 2997 tituli
1756 2956 1979 3009 XXXVJm')
2000 2959 2093 2996 Le-

1171 3025 1270 3063 ctio
1318 3026 1370 3062 in
1418 3024 1618 3063 octabas
1669 3026 1860 3064 domini
1920 3030 2093 3066 contra

1174 3093 1318 3132 idola.
1344 3094 1415 3136 De
1435 3094 1504 3135 his
1540 3100 1689 3136 autem
1713 3108 1827 3150 quae
1859 3095 1988 3139 idolis
2011 3097 2090 3138 im-

1172 3163 1397 3205 molantur
1440 3197 1545 3206 ......
1591 3169 1639 3206 ut
1690 3178 1847 3208 omnes
1899 3166 2089 3210 facerem

1172 3232 1329 3276 saluos.
1354 3233 1466 3290 (VIII
1494 3245 1590 3277 1-1X
1614 3239 1688 3293 22)
