2554 3658
519 373 577 407 10
981 374 1035 406 IN
1075 369 1131 407 UO
1167 374 1419 407 DOMINICO
1458 372 1525 404 DE
1561 374 1860 409 ADUENTUM.

512 488 757 537 custodiat
782 490 930 538 corda
964 501 1013 539 et
1051 508 1257 555 corpora
1303 494 1465 542 uestra
1508 505 1556 541 et
1605 491 1969 556 intellegentias
2002 501 2194 538 uestras
2234 507 2321 553 per

514 570 661 620 fidem
688 590 785 636 que
810 585 886 622 est
912 574 959 621 in
985 591 1085 638 xpo
1111 575 1253 624 ihesu
1278 577 1483 625 domino
1510 588 1710 632 nostro„
1741 576 1938 632 Amen„

610 706 842 748 LECTIO
873 708 1109 749 SANCTI
1145 708 1540 750 EUANGELIIs·
1580 711 1944 751 SECUNDUM
1980 710 2227 759 LUCAN.‚

1311 793 1397 844 (III
1423 790 1528 843 1-18)

471 911 489 946 5
581 893 799 942 ANNO
839 893 1140 956 QUINTO
1179 895 1375 944 decimo
1397 895 1588 959 imperii
1609 895 1770 943 tiberii
1790 894 1999 942 cesariss.
2029 902 2322 956 procurante

515 978 686 1040 pontio
711 977 863 1041 pilato
889 979 1114 1028 iudeams.
1140 993 1326 1029 tetarca
1345 992 1511 1029 autem
1532 980 1709 1046 galilee
1735 979 1886 1028 erode
1906 977 2129 1042 philippo
2155 989 2321 1025 autem

515 1061 663 1109 fratre
705 1062 810 1110 eius
853 1073 1065 1113 tetarcaz
1112 1065 1237 1113 iture
1273 1077 1322 1113 et
1358 1064 1694 1112 draconitudis
1733 1062 2017 1128 regionibus
2060 1073 2110 1110 et
2152 1061 2323 1109 lisanie

514 1144 725 1194 abiliane
751 1157 965 1195 tetarcax·
996 1147 1089 1195 sub
1115 1148 1419 1212 principibus
1449 1148 1762 1196 sacerdotum
1805 1164 1934 1194 anna
1974 1158 2022 1194 et
2061 1145 2228 1209 cayfaz
2255 1144 2324 1192 fa-

515 1242 646 1278 ctum
664 1242 740 1278 est
756 1231 963 1279 uerbum
981 1230 1194 1299 dominil}
1209 1251 1357 1296 super
1375 1233 1604 1280 iohanem
1622 1231 1837 1279 zaccarie
1854 1229 2005 1278 filium
2027 1230 2074 1276 in
2091 1229 2320 1285 deserto„

453 1339 491 1362 10
586 1315 654 1363 Et
679 1315 814 1364 uenit
852 1316 899 1363 in
936 1333 1136 1364 omnem
1164 1317 1419 1380 regionem
1447 1316 1661 1364 iordanis
1694 1314 1984 1379 praedicans
2024 1313 2324 1361 babtismum

515 1399 818 1462 penitentiae
844 1400 891 1447 in
920 1401 1210 1449 remissione
1236 1413 1551 1464 peccatorum
1578 1400 1703 1448 sicut
1728 1399 1963 1462 scriptum
1991 1408 2067 1445 est
2109 1397 2156 1444 in
2200 1396 2324 1445 libro

515 1499 799 1530 sermonum
842 1500 991 1547 esaye
1034 1483 1308 1547 prophete„
1359 1485 1478 1533 on
1520 1483 1778 1532 clamantis
1821 1482 1869 1529 in
1912 1482 2111 1530 deserto
2153 1493 2324 1544 parate

514 1566 646 1614 uiam
666 1566 898 1615 dominos.
932 1579 1090 1615 rectas
1112 1567 1255 1616 facite
1272 1569 1475 1616 semitas
1492 1569 1627 1625 eius.,
1650 1567 1830 1616 Omnis
1847 1565 1987 1614 uallis
2008 1564 2317 1629 impleuiturc

515 1661 565 1699 et
590 1651 751 1698 omnis
779 1668 921 1699 mons
947 1663 996 1700 et
1021 1651 1171 1700 colles
1198 1652 1563 1710 humiliabitur.,
1596 1653 1663 1701 Et
1689 1663 1833 1701 erunt
1854 1651 2007 1715 praba
2032 1651 2078 1698 in
2100 1650 2315 1698 directa(

453 1756 490 1792 15
515 1746 565 1782 et
590 1751 764 1798 aspera
790 1734 839 1782 in
865 1735 970 1783 uias
997 1735 1170 1799 planas
1196 1747 1245 1784 et
1272 1737 1463 1785 uidebit
1489 1737 1650 1785 omnis
1675 1753 1788 1784 caro
1815 1735 2027 1783 salutare
2053 1734 2132 1782 dei
2153 1734 2322 1783 nostri.

519 1818 732 1867 Dicebat
758 1835 880 1883 ergo
905 1819 966 1867 ad
993 1820 1190 1868 turbass.
1224 1821 1306 1884 qui
1345 1821 1578 1869 exiebant
1614 1832 1666 1869 ut
1706 1820 2080 1869 babtizarentur·
2095 1820 2157 1867 ab
2184 1820 2321 1883 ipso.‚

515 1904 782 1952 Genimina
808 1904 1117 1967 uiperarumZ
1150 1905 1260 1968 quis
1286 1905 1540 1952 hostendit
1565 1905 1707 1953 uobis
1734 1905 1892 1969 fugire
1919 1903 2129 1952 afutura
2154 1904 2236 1952 ira.

584 1987 756 2035 Facite
799 2004 920 2052 ergo
959 1987 1143 2035 fructos
1176 1987 1181 2054 Ι
1215 1990 1277 2048 48
1311 1986 1317 2051 Ι
1350 1988 1530 2052 dignos
1573 1989 1846 2051 penitentie
1894 2000 1944 2037 et
1993 2006 2054 2036 ne
2096 1987 2324 2052 ceperitis

513 2071 676 2120 dicere
702 2084 895 2136 patrem
921 2072 1128 2120 abemus
1153 2071 1422 2128 abraham,

448 2187 490 2210 20
585 2156 714 2204 Dico
739 2157 870 2204 enim
910 2156 1053 2204 uobis
1096 2156 1212 2220 quia
1254 2167 1433 2219 potens
1478 2167 1554 2203 est
1597 2156 1719 2204 deus
1760 2157 1821 2204 de
1861 2155 2106 2220 lapidibus
2146 2156 2318 2215 histis„

514 2240 753 2299 suscitare
779 2239 905 2288 filios
933 2239 1147 2295 abrahe..

587 2325 691 2372 Iam
718 2324 850 2373 enim
876 2325 1060 2373 securis
1086 2326 1148 2373 ad
1175 2325 1389 2373 radicem
1416 2315 1605 2372 arboris
1632 2323 1794 2388 posita
1819 2335 1908 2372 est.

583 2408 762 2462 Omnis
787 2408 919 2457 enim
945 2409 1091 2457 arbor
1115 2409 1199 2473 qui
1226 2426 1325 2457 non
1352 2409 1536 2456 faciens
1570 2409 1780 2456 fructum
1818 2409 2033 2456 bonum<
2065 2408 2323 2457 excidetur

514 2504 564 2541 et
589 2493 637 2540 in
664 2493 779 2557 igne
805 2493 1057 2549 mittetur.,
1084 2493 1152 2541 Et
1172 2493 1547 2557 interrogabant
1573 2511 1687 2542 eum
1714 2493 1856 2542 turbe
1881 2493 2134 2549 dicentes,

449 2603 489 2639 25
584 2577 720 2639 Quid
745 2594 866 2642 ergo
892 2577 1160 2633 faciemus,
1386 2573 1388 2575 ¹

587 2660 919 2724 Respondens
944 2672 1138 2727 autem<
1162 2660 1358 2709 dicebat
1384 2658 1509 2715 illis.,
1546 2660 1646 2723 Qui
1671 2661 1821 2721 habet
1846 2661 1967 2708 duas
1994 2660 2211 2708 tunicas<
2239 2661 2324 2709 det

516 2761 662 2791 unam
690 2761 788 2791 non
814 2745 1009 2793 abentic
1041 2757 1090 2792 et
1116 2744 1199 2808 qui
1225 2745 1340 2792 abet
1366 2762 1503 2792 escas
1530 2743 1753 2792 similiter
1778 2744 1951 2800 faciat„

588 2828 851 2876 Uenerunt
875 2839 1041 2877 autem
1067 2839 1116 2876 et
1141 2827 1388 2891 publicani
1416 2840 1467 2876 ut
1493 2828 1887 2876 babtizarenturae
1919 2838 1969 2876 et
2005 2827 2236 2875 dixerunt
2261 2828 2323 2875 ad

517 2905 682 2963 illum.,

450 3017 492 3050 30
587 2991 861 3055 Magister(
893 2991 1011 3054 quid
1038 2990 1304 3047 faciemus.2

585 3076 654 3123 At
680 3075 759 3123 ille
785 3075 910 3122 dixit
935 3074 997 3122 ad
1023 3091 1140 3131 eos,

521 3159 524 3162 ’
586 3159 716 3208 Nicil
741 3158 979 3223 amplius(
1012 3176 1161 3222 quam
1198 3158 1331 3221 quod
1372 3155 1390 3223 ΙΙ
1431 3159 1755 3207 constitutum
1798 3169 1875 3206 est
1910 3157 2059 3206 -uobis
2100 3157 2321 3214 faciatis„

584 3286 612 3309 ¹5
626 3275 740 3303 uedebit
753 3284 825 3303 corr.
898 3285 928 3308 32
941 3274 1128 3302 constitutum
1143 3281 1173 3301 tu
1187 3276 1352 3308 suppletum
1365 3278 1426 3308 sup.
1447 3275 1498 3301 lin.
