2554 3658
464 358 562 403 410
1066 354 1319 390 HOMILIAE
1356 357 1668 389 TOLETANAE.

464 471 627 521 quidem
658 470 914 521 posteriorem
936 483 1022 509 esse
1051 469 1281 520 putaverim.
1306 470 1449 519 Neque
1470 470 1509 508 in
1532 469 1774 509 Homiliario
1804 475 1970 517 tantum,
1992 469 2063 508 sed
2083 467 2202 507 etiam
2232 466 2272 504 in

406 579 408 582 y
466 524 780 565 Sacramentario
800 525 998 564 Toletano
1021 524 1178 564 Musaei
1200 523 1417 562 Britannici
1437 525 1459 562 f.
1490 531 1582 573 143v
1602 523 1752 574 legitur.

525 646 551 688 f.
575 658 626 699 33
653 647 836 694 Incipit
868 648 1086 686 homelia
1107 647 1260 684 sancti
1281 646 1445 683 Fausti
1469 645 1531 683 de
1563 646 1643 684 die
1665 645 1918 684 dominico
1939 646 2054 682 ante
2075 642 2275 680 initium

469 716 890 764 quadragesimae.
932 716 1154 756 Dominus
1177 721 1219 756 et
1243 714 1439 755 saluator
1468 720 1617 755 noster
1649 714 1839 768 qualiter
1870 714 1926 755 ad
1950 727 2050 754 eum
2086 744 2190 754 ......
2223 724 2278 752 ne

468 785 638 827 intretis
661 785 704 825 in
729 785 1037 839 temptatione.
1052 784 1184 838 Quod
1210 784 1303 837 ipse
1322 789 1545 837 praestare
1567 784 1787 838 dignetur,
1808 790 1889 825 etc.

522 910 661 1002 Segmo
681 910 717 948 S.
738 908 927 949 Caesarii.
952 910 999 947 In
1032 910 1202 959 append.
1227 910 1390 959 August.
1420 922 1505 957 141,
1540 910 1706 950 Collect.
1734 910 1892 948 Durlac.
1921 910 1979 954 16,
2011 907 2277 958 Engelbrecht

467 978 506 1015 p.
540 978 557 1002 2
593 977 627 1010 4.

528 1085 551 1126 f.
578 1086 648 1136 36V
672 1086 843 1123 Sermo
864 1084 925 1122 de
944 1085 1127 1123 Carnes
1148 1085 1404 1125 tollendas
1431 1084 1678 1135 Karissimi,
1715 1084 1896 1126 beatum
1933 1082 2275 1138 quadragesime

468 1161 643 1208 tempus
667 1154 791 1194 adest
800 1186 904 1194 ......
930 1160 1090 1195 etcum
1115 1168 1207 1208 xpo
1230 1154 1482 1208 regnabitis.
1506 1154 1668 1196 Amen.

524 1279 689 1317 Constat
710 1275 883 1315 frustulis
903 1288 950 1315 ex
970 1289 1152 1317 sermone
1179 1291 1249 1325 14²
1272 1278 1442 1328 append.
1466 1279 1635 1328 August.
1659 1277 1868 1328 decerptis.

527 1406 550 1446 f.
578 1411 649 1458 37
673 1406 845 1444 Sermo
868 1406 930 1443 de
947 1406 1327 1453 quadragesima
1345 1406 1597 1452 legendus.
1615 1406 1772 1447 Monet
1794 1420 1874 1477 nos
1892 1405 2092 1446 caelestis
2110 1404 2279 1458 gratiae

470 1476 603 1517 iussio
612 1508 714 1517 ......
742 1475 891 1517 uibere
909 1475 1182 1517 debeamus:
1207 1475 1453 1516 auxiliante
1475 1475 1669 1526 domino,
1691 1482 1772 1517 etc.

520 1608 560 1647 Si
581 1609 785 1648 exordium
807 1596 988 1658 excipias,
1012 1607 1146 1647 omnia
1167 1608 1403 1657 deprompta
1420 1613 1509 1644 sunt
1531 1618 1579 1644 ex
1595 1618 1776 1644 sermone
1801 1615 1820 1646 «
1838 1604 1988 1654 Moyses
2007 1605 2275 1655 quadraginta

464 1664 641 1711 diebus»,
676 1676 795 1713 quem
820 1663 1069 1713 Hieronymo
1104 1669 1142 1701 et
1163 1661 1389 1712 Augustino
1424 1659 1464 1698 in
1501 1659 1779 1710 manuscriptis
1814 1659 2012 1710 plerisque
2031 1658 2273 1709 adscriptum

466 1717 543 1768 (Cf.
569 1725 702 1756 notam
727 1716 1002 1756 Maurinorum
1033 1718 1084 1756 ad
1106 1729 1218 1755 serm.
1248 1729 1322 1763 144
1343 1715 1513 1764 append.
1546 1714 1733 1765 August.)
1756 1716 1804 1752 A.
1839 1714 1970 1753 Maius
1992 1713 2111 1753 veluti
2132 1726 2274 1752 novam

466 1784 638 1811 mercem
661 1773 795 1812 denuo
816 1771 941 1812 edidit
962 1771 1094 1822 Spicil.
1118 1772 1238 1811 Rom.
1262 1778 1286 1808 t.
1313 1770 1430 1816 VIII,
1455 1782 1490 1819 p.
1518 1780 1605 1817 717.
1630 1768 1768 1818 Migne
1792 1780 1854 1818 47,
1883 1782 1997 1816 1142.

525 1899 550 1941 f.
578 1911 631 1953 39
675 1901 846 1939 Sermo
887 1900 1109 1937 eiusdem
1145 1900 1196 1936 in
1235 1899 1611 1946 quadragesima
1650 1897 1932 1945 legendus.·.
1979 1898 2107 1935 Item
2141 1897 2281 1935 alius.

468 1969 790 2010 Anniuersario
821 1969 963 2009 reditu
986 1968 1325 2022 quadragesime
1357 1974 1538 2023 tempus
1567 1967 1749 2009 aduenit
1757 1998 1862 2007 ......
1901 1965 2070 2007 facilius
2106 1964 2284 2007 effertur

470 2039 513 2079 in
537 2038 670 2079 caelo.
696 2039 779 2079 Per
796 2037 1041 2088 dominum,
1059 2044 1140 2079 etc.

526 2170 586 2207 Ex
606 2181 788 2209 sermone
809 2168 1021 2219 Augustini
1041 2168 1216 2219 genuino
1240 2171 1328 2216 206,
1352 2182 1389 2209 n.
1418 2183 1432 2206 1
1459 2176 1496 2208 et
1519 2182 1552 2218 3.

529 2296 556 2338 f.
577 2308 634 2348 40
651 2297 823 2335 Sermo
840 2296 902 2342 de
918 2296 1081 2344 primo
1097 2297 1349 2336 dominico
1368 2296 1759 2344 quadragesime.
1787 2296 1917 2349 Rogo
1939 2308 2030 2345 uos,
2053 2294 2218 2344 fratreS,
2242 2301 2285 2335 et

474 2365 707 2416 admoneo,
729 2371 777 2407 ut
810 2365 852 2405 in
877 2366 961 2406 isto
984 2365 1295 2420 legitimam..
1322 2365 1578 2407 testamenti
1602 2371 1838 2419 praecepta
1876 2363 2100 2417 conpleuit
2126 2379 2133 2405 :
2156 2363 2283 2404 auxi-

476 2437 611 2477 liante
632 2435 830 2485 domino,
852 2440 933 2476 etc.

532 2567 602 2605 Est
623 2578 750 2605 sermo
772 2566 943 2616 append.
966 2563 1177 2615 Augustini
1203 2578 1288 2612 142,
1312 2563 1501 2605 Caesario
1517 2570 1623 2603 recte
1645 2577 1667 2602 a
1689 2561 1895 2623 Maurinis,
1922 2563 2065 2601 Fausto
2086 2569 2218 2601 autem
2235 2562 2285 2601 ab

478 2623 521 2659 A.
548 2620 814 2671 Engelbrecht
828 2619 882 2671 (p.
898 2619 992 2670 323)
1010 2620 1117 2658 haud
1139 2618 1192 2658 ita
1212 2618 1296 2658 iure
1317 2618 1519 2679 repetitus:
1538 2617 1698 2678 Legitur
1720 2617 1838 2656 etiam
1856 2629 1947 2655 cum
1967 2615 2110 2655 Isidori
2124 2615 2286 2656 nomine

478 2675 517 2713 in
538 2674 738 2714 Breviario
768 2674 1026 2713 Mozarabum
1047 2672 1142 2712 feria
1164 2674 1223 2711 IV
1252 2673 1292 2711 in
1314 2672 1461 2727 capite
1472 2671 1606 2712 ieiunii
1628 2671 1702 2723 (M.
1728 2673 1789 2720 86,
1816 2671 1908 2721 255)
1944 2677 1982 2710 et
2002 2670 2042 2709 in
2063 2672 2286 2721 appendice

477 2742 639 2779 operum
661 2728 782 2779 ipsius
802 2727 945 2768 Isidori
963 2727 1039 2779 (M.
1065 2729 1127 2777 83,
1155 2731 1284 2778 1217).

537 2855 561 2896 f.
583 2864 658 2907 44v
677 2857 847 2894 Sermo
868 2836 930 2893 de
951 2854 1170 2892 secundo
1191 2853 1443 2892 dominico
1462 2852 1839 2901 quadragesime
1857 2856 1904 2891 et
1925 2853 1987 2891 de
2004 2861 2152 2891 caeco
2169 2856 2286 2892 nato

479 2925 729 2971 legendus.
764 2925 1047 2973 Audibimus,
1076 2923 1230 2964 fratres
1253 2922 1479 2972 carissimi,
1503 2922 1637 2963 modo
1661 2935 1795 2975 quum
1815 2922 2095 2976 euangelium
2121 2921 2284 2976 legere-

480 3002 549 3036 tur
556 3026 661 3035 ......
687 2994 950 3035 inluminare
973 2993 1182 3047 dignatus
1205 2998 1283 3035 est.
1307 2993 1400 3047 ipse
1429 2992 1637 3033 dominus
1660 2997 1704 3032 et
1727 2992 1980 3045 redemptor
2001 2997 2082 3033 etc.

535 3123 665 3162 Prima
686 3130 724 3162 et
745 3122 947 3173 potissima
967 3137 1055 3173 pars
1075 3123 1127 3162 ad
1147 3122 1310 3162 verbum
1331 3122 1411 3160 fere
1431 3119 1617 3160 convenit
1637 3131 1729 3158 cum
1752 3131 1934 3158 sermone
1959 3116 2171 3169 Augustini
2194 3119 2279 3167 136,

482 3191 517 3217 n.
546 3192 579 3215 1-
584 3191 628 3227 3:
650 3176 717 3227 qui
737 3177 899 3227 quidem
921 3191 942 3216 a
960 3177 1151 3216 Maurinis
1173 3189 1219 3215 ex
1236 3189 1316 3214 uno
1337 3174 1477 3214 codice
1497 3174 1666 3225 primum
1690 3173 1832 3222 editus,
1849 3172 1965 3212 huius
1988 3171 2108 3211 nostri
2132 3172 2284 3211 Lectio-

481 3232 577 3271 narii
598 3244 674 3282 ope
695 3231 840 3281 passim
861 3232 1135 3271 emendandus
1156 3231 1323 3270 videtur.
