2554 3658
515 348 545 393 4
556 349 572 379 1
583 337 612 380 6
1119 344 1370 380 HoMrLrAE
1405 344 1719 376 TOLETANAE.

573 459 598 500 f.
628 468 725 512 115V
749 461 876 498 Item
898 461 1023 499 alius
1044 469 1207 498 sermo
1229 462 1453 499 eiusdem
1475 459 1629 498 sancti
1655 457 1830 496 Felicis
1852 458 1938 505 qui
1959 460 2128 495 tamen
2147 458 2319 505 dispo-

515 529 628 566 sitio
660 530 851 567 domini
880 533 995 577 vpost
1035 530 1259 567 triduum
1299 530 1396 567 dici
1432 530 1583 567 deuet
1621 527 1708 574 qui
1748 527 2029 574 specialiter
2068 527 2317 565 conuenit.

514 593 590 635 Ad
620 594 979 635 inluminandum
1018 608 1230 648 magnum
1268 608 1418 647 genus,
1457 594 1622 634 fratresv
1651 591 1926 633 dilectissimi
1957 617 1959 620 .
1968 624 2073 634 ......
2113 591 2321 646 operibus

514 663 744 716 peruenire
767 677 1016 717 possumus.
1041 664 1272 704 Prestante
1296 663 1492 712 domino,
1515 669 1596 704 etc.

569 792 748 832 Homilia
768 793 893 832 sancti
916 792 1090 833 Caesarii
1112 794 1161 831 de
1183 792 1487 842 praedecessore
1505 805 1577 830 suo
1600 793 1824 838 Honorat0‚
1847 790 1887 828 in
1908 789 2145 830 collectione
2180 791 2320 829 Durla·

514 846 622 885 censi
643 847 782 886 ordine
803 847 959 886 decima
994 847 1292 897 (Engelbrecht,
1315 860 1350 896 p.
1378 845 1485 897 259),
1509 845 1694 895 Hispano
1715 844 1872 895 martyri
1891 857 1940 883 ne
1961 844 2122 883 mutatis
2157 843 2320 894 quidem

514 900 742 940 nominibus
766 912 786 942 «
811 903 1025 940 Honorato
1049 910 1068 941 >>
1092 908 1130 939 et
1154 910 1174 941 «
1196 902 1355 939 Arelate
1377 910 1398 940 »
1421 900 1736 939 accommodata.
1761 900 2066 949 Inscriptionem
2081 898 2320 948 singularem

513 968 617 1004 quae
637 955 672 994 ei
694 955 732 993 in
754 955 894 994 codice
916 962 1051 994 nostro
1079 954 1303 1005 praefigitur
1324 955 1401 993 hoc
1422 955 1546 993 modo
1566 953 1813 1004 interpretor,
1837 961 1878 991 ut
1914 953 1953 991 in
1974 953 2040 991 illa
2071 952 2226 991 dicatur
2246 965 2320 991 ser-

513 1021 673 1048 monem
697 1009 735 1047 in
760 1019 780 1050 <(
802 1009 1053 1059 depositione
1074 1007 1213 1048 domni
1236 1018 1256 1049 »
1280 1009 1350 1059 (se.
1374 1008 1568 1059 martyris)
1590 1021 1694 1058 quae
1716 1017 1737 1048 «
1761 1015 1849 1057 post
1870 1006 2044 1046 triduum
2066 1017 2087 1047 >>
2110 1007 2317 1053 recolatur,

513 1063 761 1101 recitandum
798 1076 895 1111 esse,
918 1063 1010 1113 quia
1044 1071 1139 1102 tunc
1177 1062 1443 1113 «specialiter
1473 1062 1673 1103 convenit.
1711 1071 1732 1102 »
1768 1063 1819 1100 Et
1854 1074 1948 1100 sane
1974 1061 2014 1099 in
2036 1060 2316 1111 martyrologio

517 1117 671 1156 Adonis
692 1117 869 1167 legimus,
894 1128 914 1158 <<
937 1131 1079 1167 corpus
1097 1116 1222 1155 sancti
1246 1116 1388 1156 Felicis
1410 1115 1656 1156 Gerundae
1646 1129 1686 1154 in
1708 1123 1984 1163 monumento,
2006 1115 2146 1165 quod
2136 1127 2221 1166 ipse
2242 1115 2316 1153 sibi

512 1179 819 1221 praeparaverat,
858 1171 1065 1210 conditum
1110 1184 1195 1210 esse
1230 1171 1358 1209 Nonis
1394 1170 1562 1232 Augusti
1585 1181 1605 1211 »
1643 1180 1721 1222 (ap
1757 1170 1939 1208 Bolland.
1964 1177 1988 1208 t
2014 1171 2032 1208 I
2062 1182 2149 1220 aug.
2173 1182 2209 1219 p.
2236 1169 2315 1219 24),

511 1234 630 1274 atque
663 1225 715 1264 ita
736 1225 868 1264 triduo
889 1225 1040 1276 integro
1062 1234 1150 1275 post
1180 1225 1373 1285 passionis
1395 1225 1516 1275 ipsius
1547 1224 1654 1264 diem
1675 1225 1821 1274 elapso.
1857 1225 1917 1262 Ex
1947 1224 2133 1262 hocloco
2163 1222 2317 1273 opinari

511 1278 613 1326 licet,
637 1281 687 1318 ad
704 1293 818 1319 usum
837 1279 1001 1318 alicuius
1018 1279 1238 1319 ecclesiae'
1230 1293 1269 1317 1n
1293 1279 1437 1318 finibus
1459 1278 1783 1318 Gerundensium
1801 1278 1899 1317 sitae
1920 1277 2104 1317 codicem
2125 1278 2315 1327 scriptum

510 1332 656 1373 fuisse:
679 1334 734 1373 sic
755 1333 861 1373 enim
883 1333 1069 1372 facillime
1091 1334 1189 1372 ratio
1217 1335 1406 1382 redditur,
1429 1346 1498 1372 cur
1530 1333 1569 1371 in
1597 1341 1706 1372 tanta
1727 1333 1920 1372 festorum
1941 1331 2094 1372 dierum
2117 1333 2316 1382 paucitate
2352 1342 2355 1346 ·

512 1394 644 1426 tantus
661 1389 788 1427 honor
808 1389 971 1439 praefato
986 1388 1144 1438 martyri
1166 1389 1281 1427 datus
1302 1388 1364 1427 sit.

573 1515 592 1556 s.
623 1517 720 1556 118v
758 1516 930 1554 Sermo
954 1516 1004 1553 in
1025 1516 1158 1553 diem
1180 1515 1335 1554 sancti
1372 1516 1620 1554 Laurenti.
1660 1516 1808 1570 Quum
1844 1514 1962 1555 beati
2000 1514 2188 1556 laurenti
2225 1514 2317 1569 glo-

512 1584 626 1625 riosa
649 1584 797 1638 passio
821 1584 1038 1638 legeretur
1065 1618 1169 1626 ......
1196 1598 1291 1626 esse
1314 1584 1454 1626 uoluit
1476 1585 1759 1638 praetiosam.
1784 1584 1886 1639 Ipse
1909 1583 2129 1634 domium,
2151 1590 2230 1625 etc.

570 1714 595 1755 f.
626 1721 724 1755 120v
761 1716 934 1753 Sermo
955 1715 1017 1752 de
1037 1714 1366 1752 decollatione
1398 1715 1553 1753 sancti
1580 1716 1818 1753 Iohannis
1839 1715 2065 1754 babtiste.
2104 1716 2206 1757 Non
2245 1717 2320 1757 de-

512 1784 680 1834 bemus,
704 1783 858 1825 fratres
882 1783 1114 1833 karissimi,
1137 1785 1376 1837 praeconio
1399 1785 1474 1825 diu
1497 1798 1667 1826 cessare
1699 1818 1803 1826 ......
1830 1785 2143 1843 quod-cumque
2179 1799 2205 1826 a
2236 1786 2322 1826 deo

513 1853 801 1906 postulamus.
829 1854 934 1907 Ipso
956 1852 1216 1903 auxiliante,
1239 1859 1317 1894 etc.

565 1982 716 2021 Contra
743 1982 954 2021 ‘saltatores
989 1989 1027 2021 et
1054 1981 1239 2021 mulieres
1274 1982 1556 2022 declamatoria
1588 1982 1808 2030 insectatio,
1851 1982 1892 2021 in
1922 1997 2000 2034 qua
2027 1984 2170 2024 citatur
2195 1985 2319 2024 norni-

510 2036 634 2129 papIrn
658 2046 689 2140 «5
700 2037 1069 2141 sagichusiohannes
1090 2049 1133 2075 os
1154 2049 1315 2075 aureum
1339 2046 1371 2076 >>.
1397 2035 1452 2088 (S.
1481 2038 1594 2086 Joan.
1619 2038 1821 2088 Chrysost.
1842 2038 1945 2088 Opp.
1962 2039 2012 2077 ed
2034 2040 2176 2079 Venet.
2204 2051 2317 2090 1549,

527 2120 534 2128 .
609 2121 617 2138 ,
643 2104 662 2128 2
790 2121 795 2128 .

569 2210 593 2251 f.
623 2212 720 2252 126v
738 2212 911 2249 Sermo
930 2212 979 2248 in
1001 2212 1135 2250 diem
1154 2212 1468 2250 ordinatione
1490 2213 1870 2261 aepiscopi-Dies
1887 2215 2179 2256 ordinationis
2196 2229 2319 2258 meae

513 2271 785 2321 sollemniter
826 2281 1032 2322 odiernus
1075 2280 1239 2327 inluxit
1264 2338 1266 2340 -
1285 2313 1390 2322 ......
1436 2288 1650 2335 augeatur
1691 2283 1746 2324 ad
1801 2283 2000 2337 gloriam.
2051 2284 2316 2328 Auxiliante

518 2349 626 2402 ipso,
649 2355 727 2390 etc.

513 2532 546 2572 C
566 2478 697 2516 Multa
713 2477 777 2516 hic
798 2478 919 2518 habes
937 2480 1123 2518 translata
1140 2492 1186 2519 ex
1203 2492 1315 2519 serm.
1334 2480 1545 2531 Augustini
1560 2493 1650 2531 340,
1666 2481 1803 2521 addita
1816 2481 1924 2522 brevi
1938 2484 2196 2525 conclusione
2216 2499 2319 2536 quae
2362 2503 2365 2506 ·

549 2531 743 2571 aesarium
758 2533 870 2582 sapit.

569 2659 595 2700 f.
624 2661 721 2700 128V
740 2660 914 2699 Sermo
938 2661 1086 2700 unius
1117 2660 1246 2698 iusti.
1273 2660 1537 2701 Memoriam
1564 2660 1666 2701 iusti
1690 2662 1791 2703 odie
1813 2663 2114 2708 caelebramus
2141 2698 2247 2708 ......
2273 2674 2320 2710 ut

511 2728 568 2769 ab
590 2728 674 2768 hoc
697 2728 850 2788 auditu
875 2729 993 2769 malo
1011 2728 1257 2770 liberemur.
1283 2729 1364 2769 Per
1386 2730 1531 2783 ipsum
1554 2731 1641 2783 qui,
1663 2736 1741 2772 etc.

570 2851 596 2893 f.
623 2862 702 2903 130
720 2853 899 2902 ,Sermo
934 2853 996 2890 de
1035 2854 1230 2891 sanctis.
1256 2852 1543 2895 Sollemnitas
1579 2861 1833 2896 sanctorum
1869 2861 2126 2909 martyrum,
2162 2854 2318 2896 fratres

514 2920 734 2961 karissimi
762 2953 865 2961 ......
892 2935 971 2974 pro
995 2920 1082 2963 fide
1104 2936 1183 2963 sua
1205 2928 1437 2972 certantes,
1463 2923 1564 2976 Ipse
1587 2923 1661 2977 qui
1684 2924 1727 2964 in
1746 2925 1955 2975 trinitate,
1978 2931 2059 2967 etc.

571 3053 595 3094 f.
621 3064 696 3105 132
729 3053 991 3092 Sermones
1011 3054 1072 3091 de
1104 3054 1241 3092 clade
1265 3081 1274 3091 .
1302 3055 1469 3092 Prima
1488 3055 1568 3092 die
1589 3055 1840 3101 legendus.
1883 3055 2010 3106 Ecce,
2046 3055 2318 3097 dilectissimi

513 3122 678 3172 fratres,
701 3121 900 3163 luctuosa
917 3135 997 3163 nos
1020 3123 1253 3176 perterruit
1268 3123 1522 3164 nuntiorum
1547 3123 1725 3166 relatio.
1745 3138 1830 3179 que
1853 3124 1961 3166 fines
1984 3131 2124 3166 terrae
2140 3130 2316 3166 nostrae

514 3191 699 3233 infectos
721 3190 973 3245 pestilentia
992 3198 1138 3234 narrat
1159 3226 1262 3234 ......
1289 3193 1546 3235 seculorum.
1570 3193 1731 3236 Amen.
1750 3199 2166 3234 CONFIRMATIO.
2188 3194 2318 3243 Ecce,
