2554 3658
498 334 594 391 364
1035 347 1238 388 QUARTO
1276 347 1469 380 DECIMO
1506 348 1774 380 DOMINICO.

565 458 699 520 Quid
727 471 892 507 autem
935 456 1123 507 uocatis
1151 476 1229 506 me
1272 459 1472 508 domine
1515 460 1744 508 domine<
1778 472 1826 507 et
1854 477 1951 507 non
1996 460 2152 507 facitis
2178 477 2306 523 quae

497 543 637 598 dico„
663 543 843 591 Omnis
859 544 942 607 qui
969 544 1105 591 uenit
1130 543 1192 590 ad
1211 561 1289 591 me
1306 555 1354 591 et
1380 544 1516 591 audit
1540 561 1795 592 sermones
1814 561 1950 591 meos
1976 555 2026 591 et
2051 543 2164 591 facit
2187 558 2300 591 eost

497 629 757 676 ostendam
783 630 926 677 uobis
952 629 1027 676 cui
1054 628 1225 676 similis
1260 640 1365 684 est.,

565 712 750 760 Similis
794 725 869 760 est
911 712 1097 760 homini
1143 711 1390 759 edificanti
1417 712 1619 759 domum
1663 712 1744 775 qui
1771 712 1895 759 fodit
1937 712 1984 759 in
2030 711 2210 759 altum(
2261 723 2309 760 et

455 809 472 845 5
497 797 661 860 posuit
687 797 1061 845 fundamentum
1089 813 1235 860 supra
1262 807 1483 859 petram,
1808 859 1813 863 ¹

569 881 949 929 Inundationem
991 892 1155 928 autem
1206 880 1360 928 factat
1412 879 1606 926 inlisum
1651 890 1726 925 est
1767 878 1948 925 flumen
1991 878 2158 925 domui
2197 877 2263 924 illi
2297 916 2305 925 .

499 976 546 1013 et
574 982 671 1013 non
712 965 871 1028 potuit
897 983 1006 1013 earn
1050 965 1282 1020 mobere.,
1316 965 1544 1019 Fundata
1587 964 1718 1011 enim
1759 975 1864 1010 erat
1896 979 2044 1025 supra
2083 973 2305 1024 petram„

499 1066 658 1097 amen.

934 1216 1192 1279 QUARTO
1258 1216 1495 1268 DECIMO
1561 1214 1863 1268 DOMINICO

436 1338 475 1361 10
587 1336 818 1375 LECT1o
875 1336 1086 1375 LIBRII·
1150 1336 1488 1375 IHEREMIE
1547 1335 1893 1374 PROPHETE
1940 1328 2103 1379 (XXIII
2139 1326 2220 1378 2-8)

570 1501 775 1549 HAEC
818 1500 1027 1549 DICIT
1070 1501 1427 1549 DOMINUS
1470 1501 1670 1558 DEQS
1710 1500 1952 1549 SRAEL
1995 1499 2056 1546 ad
2089 1511 2330 1563 pastores,

501 1587 583 1650 qui
611 1597 817 1648 pascunt
843 1585 1079 1648 populum
1108 1623 1117 1633 .
1147 1603 1342 1641 meum.,
1371 1582 1388 1651 ΙΙ
2337 1648 2339 1651 ι

573 1671 682 1719 Uos
699 1670 1000 1733 dispersistis
1026 1686 1233 1734 gregem
1261 1664 1426 1718 meum
1444 1681 1493 1717 et
1513 1668 1725 1716 eiecistis
1745 1682 1858 1716 eost.
1887 1678 1936 1716 et
1963 1684 2061 1715 non
2083 1667 2316 1716 uisitastis

503 1773 619 1811 eos,
652 1755 785 1802 Ecce
811 1771 906 1819 ego
934 1754 1145 1801 uisitabo
1171 1771 1318 1817 super
1344 1771 1433 1801 uos
1461 1753 1695 1800 malitiam
1736 1752 2010 1799 studiorum
2038 1763 2314 1807 uestrorum

442 1853 478 1887 Ι5
503 1839 570 1887 ait
595 1839 854 1886 dominus(
901 1851 949 1885 et
993 1838 1311 1901 congregabo
1352 1837 1580 1901 reliquias
1620 1826 1800 1900 populiv
1827 1835 1923 1883 mei
1946 1833 1948 1835 ’
1971 1835 2033 1883 ab
2082 1835 2311 1883 omnibus

503 1923 673 1972 terris<
706 1922 766 1969 ad
794 1939 916 1985 quas
935 1938 1194 1986 egeceram
1221 1939 1307 1970 eos
1335 1922 1476 1978 illuc.,

575 2008 641 2055 Et
667 2019 952 2055 conuertam
979 2024 1066 2054 eos
1091 2007 1153 2054 ad
1180 2023 1290 2054 rura
1315 2024 1404 2054 sua
1429 2018 1478 2054 et
1504 2017 1726 2054 crescent
1750 2017 1799 2054 et
1826 2004 2305 2068 multiplicabuntur(

505 2105 554 2141 et
578 2092 827 2139 suscitabo
853 2108 1001 2154 super
1027 2108 1115 2138 uos
1142 2103 1365 2154 pastores
1386 2102 1435 2139 et
1461 2101 1665 2153 pascent
1690 2107 1808 2145 eos,
1842 2090 1959 2137 Non
1981 2089 2316 2137 formidabunt

507 2174 631 2222 ultra
657 2187 706 2222 et
747 2191 842 2222 non
878 2174 1131 2237 pabebunt
1156 2186 1206 2221 et
1233 2174 1392 2221 nullus
1418 2186 1650 2238 queretur
1686 2191 1748 2222 ex
1775 2191 1979 2222 numero
2018 2173 2136 2221 dicit
2161 2173 2315 2221 dorni-

441 2280 482 2302 20
509 2277 628 2315 nus.‚
662 2258 794 2306 Ecce
820 2258 925 2306 dies
961 2258 1162 2306 uenient
1187 2258 1304 2306 dicit
1330 2258 1560 2306 dominus
1586 2270 1635 2306 et
1659 2259 1910 2306 suscitabo
1936 2258 2085 2305 dauid
2110 2275 2315 2322 germen

510 2343 718 2389 iustum(
766 2354 814 2389 et
841 2341 1068 2406 regnabit
1107 2358 1192 2389 rex
1221 2353 1269 2389 et
1309 2342 1507 2405 sapiens
1551 2342 1670 2390 erit<
1721 2355 1770 2390 et
1811 2343 1954 2390 faciet
1996 2342 2226 2390 iudicium
2266 2355 2316 2390 et

511 2426 744 2474 iustitiam
773 2426 819 2473 in
848 2438 1006 2481 terra,

582 2511 638 2558 In
665 2510 840 2558 diebus
866 2509 958 2557 illis
985 2508 1254 2557 salbauitur
1281 2511 1422 2558 iuda<
1449 2524 1497 2559 et
1524 2511 1684 2559 srahel
1711 2512 1953 2560 habitabit
1979 2511 2316 2568 confidenter„

517 2596 639 2659 147Ι
679 2593 685 2658 Ι
1729 2592 1732 2595 ⁴

447 2700 486 2734 25
583 2678 650 2725 Et
679 2676 771 2724 hoc
797 2688 873 2724 est
899 2694 1081 2725 nomen
1108 2678 1242 2741 quod
1271 2679 1518 2726 uocabunt
1544 2697 1655 2727 eum
1683 2679 1912 2726 dominus
1935 2680 2090 2727 iustus
2119 2690 2316 2735 noster.,

519 2764 725 2825 Propter
750 2762 842 2809 hoc
869 2778 983 2809 ecce
1009 2761 1115 2809 dies
1142 2762 1347 2809 ueniunt
1373 2763 1489 2809 dicit
1516 2763 1774 2810 dominusc
1808 2775 1857 2810 et
1885 2780 1979 2810 non
2008 2764 2174 2810 dicent
2194 2762 2319 2810 ultra

517 2847 635 2893 uiuit
660 2845 890 2892 dominus
927 2845 1010 2907 qui
1036 2845 1206 2893 eduxit
1247 2845 1372 2894 filios
1398 2847 1523 2902 srael
1563 2847 1624 2894 de
1668 2859 1796 2894 terra
1822 2847 2021 2911 egypti<
2071 2847 2158 2894 sed
2200 2847 2321 2898 uiuit

516 2931 744 2978 dominus
783 2930 865 2992 qui
909 2929 1079 2976 eduxit
1119 2941 1168 2976 et
1211 2931 1416 2977 adduxit
1458 2947 1627 2978 semen
1670 2931 1847 2977 domus
1890 2929 2050 2978 srahel
2091 2931 2154 2978 de
2193 2941 2321 2978 terra

515 3014 759 3078 aquilonis
786 3052 795 3060 .
825 3025 873 3061 et
899 3014 961 3060 de
987 3013 1174 3060 cunctis
1201 3014 1342 3061 terris
1368 3015 1428 3060 ad
1456 3031 1578 3077 quas
1605 3015 1815 3062 eiecerat
1842 3052 1850 3061 .
1880 3031 1965 3062 eos
2009 3013 2149 3069 illuc.,

453 3121 493 3153 30
587 3098 653 3145 Et
679 3096 971 3144 habitabunt
998 3096 1304 3145 confidentes
1332 3098 1378 3144 in
1406 3110 1585 3145 terram
1612 3115 1780 3153 suam,
1811 3114 1969 3145 amen.

619 3238 648 3261 13
662 3227 785 3254 uisitatis
798 3237 810 3253 s
823 3227 892 3254 add.
907 3231 970 3260 sup.
984 3228 1036 3254 liu.
