2554 3658
1360 573 1434 634 V.

500 725 904 832 Lesstiones
949 767 1044 832 ex
1088 740 1443 854 epistolis
1491 740 1846 834 Paulinis
1887 745 2304 867 excerpt-ae

615 898 818 985 quae
873 872 954 963 in
1001 872 1347 965 Ecclesia
1415 874 1797 987 capuana
1839 900 2036 967 saec.
2081 874 2188 978 VI

1159 1006 1656 1120 legebantur.

930 1139 1008 1189 (Ex
1029 1139 1132 1179 Cod.
1155 1139 1356 1188 Fuldensi,
1390 1140 1453 1179 ed.
1477 1140 1618 1179 Ranke
1640 1153 1674 1191 p.
1705 1142 1775 1190 165
1801 1139 1877 1190 sq.)

551 1310 733 1350 Proxime
748 1317 786 1350 et
807 1312 897 1350 loco
913 1318 951 1350 et
971 1318 1150 1361 tempore
1170 1312 1222 1350 ad
1244 1311 1472 1361 Capitulare
1490 1310 1796 1361 Evangeliorum
1819 1309 2131 1361 Neapolitanum
2153 1310 2309 1360 Capua-

497 1379 570 1406 nus
590 1365 745 1405 accedit
765 1365 865 1404 ordo
900 1364 1180 1415 Epistolarum‚
1203 1365 1269 1415 qui
1292 1365 1331 1403 in
1352 1365 1609 1405 celeberrimo
1643 1366 1810 1404 habetur
1830 1364 1970 1404 codice
1991 1364 2193 1411 Fuldensi,
2217 1371 2308 1403 ante

496 1421 604 1460 diem
630 1433 675 1470 19
695 1419 827 1471 aprilis
850 1420 1024 1458 DXLVI
1059 1419 1217 1470 scripto,
1239 1420 1404 1470 quando
1438 1419 1549 1458 illum
1581 1433 1603 1458 a
1637 1432 1679 1459 se
1713 1421 1861 1459 lectum
1895 1418 2015 1458 fuisse
2049 1425 2215 1458 testatus
2251 1425 2310 1458 est

497 1476 534 1514 S.
559 1474 706 1522 Victor,
729 1473 836 1513 urbis
857 1474 1022 1524 Capuae
1042 1473 1263 1524 episcopus.

552 1529 755 1568 Praefatus
775 1528 875 1567 ordo
895 1528 1066 1578 primum
1088 1527 1217 1567 editus
1245 1535 1302 1568 est
1322 1541 1346 1567 a
1366 1529 1561 1568 Gerberto
1583 1528 1726 1567 abbate
1747 1527 1848 1567 inter
1870 1528 2138 1566 Monumenta
2169 1525 2312 1566 veteris

497 1582 676 1633 liturgiae
709 1582 979 1622 alemannicae
999 1589 1025 1621 t.
1050 1583 1082 1629 Ι,
1119 1596 1155 1633 p.
1178 1594 1268 1632 405,
1293 1582 1515 1633 iterumque
1549 1583 1791 1621 accuratiore
1826 1579 2031 1632 diligentia
2061 1581 2111 1619 ab
2143 1581 2312 1620 Ernesto

499 1638 653 1684 Ranke,
677 1636 881 1687 Marburgi
897 1644 935 1675 et
958 1636 1114 1686 Lipsiae
1140 1639 1251 1675 1868.

554 1693 602 1730 In
615 1691 757 1731 codice
772 1703 865 1742 ergo
887 1691 1075 1729 Fuldensi
1095 1691 1282 1741 Epistolis
1304 1691 1478 1730 Paulinis
1493 1690 1755 1741 praescriptus
1777 1698 1835 1729 est
1851 1690 1971 1729 index
1987 1690 2311 1737 sollemnitatum,

498 1745 644 1786 additis
660 1746 783 1785 titulis
804 1744 1078 1796 pericoparum
1101 1745 1263 1795 singulis
1284 1745 1424 1785 diebus
1439 1745 1628 1796 legendis.
1647 1746 1695 1784 In
1713 1745 1799 1795 ipso
1819 1751 1952 1784 autem
1969 1751 2077 1783 textu
2094 1742 2312 1782 lectionum

500 1800 611 1840 initia
631 1800 752 1840 titulis
773 1801 824 1839 ad
841 1799 1058 1850 marginem
1080 1799 1245 1850 scriptis,
1267 1807 1441 1839 extrema
1461 1812 1554 1839 vero
1575 1799 1695 1839 verba
1715 1797 2177 1850 plerumquecruciculis
2195 1810 2315 1848 appo-

501 1854 584 1895 sitis
604 1854 840 1894 indicantur.
2119 1894 2121 1899 ,

557 1909 789 1948 Dolendum
810 1916 956 1957 tamen,
993 1908 1161 1947 scribam
1195 1908 1418 1947 constantia
1452 1921 1531 1958 qua
1551 1907 1760 1958 oportebat
1795 1919 1911 1945 usum
1933 1919 2014 1945 non
2035 1905 2166 1945 fuisse.
2191 1906 2310 1952 Nam,

501 1971 545 2004 ut
560 1963 694 2002 scribit
712 1964 754 2001 E.
773 1964 927 2011 Ranke,
947 1972 968 2004 <(
986 1975 1116 2013 neque
1137 1975 1276 2002 omnes
1289 1976 1390 2012 quos
1412 1961 1572 2013 protulit
1587 1961 1739 2001 numeri
1752 1962 1847 2001 recti
1863 1968 1965 2008 sunt,
1981 1973 2113 2010 neque
2126 1959 2313 1999 omnibus

502 2030 602 2069 quos
624 2018 742 2056 index
762 2017 941 2056 continet
962 2017 1083 2056 titulis
1104 2016 1382 2056 adnotationes
1411 2015 1643 2067 marginales
1663 2016 1920 2066 respondent,
1944 2027 2074 2065 neque
2094 2013 2312 2053 cruciculas

504 2071 653 2121 ubique
674 2071 875 2122 appositas
896 2071 1016 2111 vides.
1037 2081 1058 2111 »

559 2127 676 2176 Quae
694 2139 787 2164 cum
803 2125 857 2165 ita
877 2126 964 2174 sint,
984 2125 1278 2165 Lectionarium
1295 2126 1534 2176 Capuanum
1551 2124 1654 2164 binis
1668 2124 1865 2163 columnis
1883 2130 2180 2174 repraesentare
2190 2121 2317 2161 visum

505 2188 575 2229 est,
597 2193 765 2231 quarum
786 2179 891 2231 prior
919 2179 1093 2219 indicem
1106 2180 1330 2228 titulorum,
1360 2181 1481 2219 altera
1502 2192 1594 2218 vero
1615 2192 1660 2218 ea
1681 2179 1883 2218 exhiberet
1905 2190 2007 2228 quae
2028 2178 2079 2216 ad
2101 2176 2318 2227 marginem

505 2236 698 2286 leguntur,
721 2247 799 2273 una
818 2247 911 2273 cum
932 2234 1066 2285 primis
1087 2242 1126 2274 et
1146 2234 1329 2274 extremis
1350 2234 1478 2274 verbis
1500 2233 1741 2284 singularum
1773 2232 2006 2279 lectionum,
2028 2243 2163 2271 earum
2185 2230 2320 2270 videli-

506 2296 569 2329 cet
589 2301 693 2339 quae
714 2296 822 2328 certo
843 2288 998 2328 definiri
1018 2295 1193 2339 possunt.

561 2343 764 2393 Quoniam
785 2342 825 2381 in
857 2344 892 2382 S.
916 2343 1089 2382 Victoris
1110 2342 1291 2393 Capuani
1311 2342 1488 2393 episcopi
1518 2341 1765 2381 mentionem
1797 2340 1931 2388 incidi,
1954 2353 2034 2379 non
2070 2339 2319 2378 claudendus

508 2405 566 2437 est
587 2396 735 2448 primus
755 2396 828 2436 iste
843 2398 1143 2441 Anecdotorum
1165 2397 1274 2445 liber,
1292 2396 1388 2447 quin
1406 2409 1718 2442 commemorem
1734 2395 1913 2435 eiusdem
1934 2396 1970 2434 S.
1990 2393 2162 2432 Victoris
2178 2393 2320 2443 proba-

508 2451 637 2491 biliter
670 2463 756 2491 esse
777 2451 997 2502 Epistolam
1032 2451 1138 2490 illam
1159 2452 1210 2490 ad
1244 2450 1524 2491 Constantium
1547 2449 1839 2501 (Aquinensem
1871 2449 2116 2499 episcopum,
2141 2460 2191 2486 an
2227 2458 2275 2498 52
2282 2458 2319 2497 5-

509 2505 617 2558 573),
637 2519 740 2556 quae
760 2519 851 2545 cum
872 2507 1063 2546 ementito
1085 2505 1322 2556 Hieronymi
1343 2505 1505 2544 nomine
1520 2506 1706 2543 Romano
1729 2502 1980 2542 Lectionario
1997 2500 2260 2553 praemittitur
2276 2500 2316 2539 in

510 2560 711 2599 nonnullis
736 2559 954 2600 codicibus.
978 2561 1137 2607 Videas,
1160 2561 1190 2598 si
1212 2561 1353 2610 placet,
1376 2572 1478 2610 quae
1499 2560 1550 2598 de
1572 2560 1713 2598 eadem
1735 2557 1905 2608 epistola
1925 2555 2124 2608 disputavi
2144 2555 2184 2594 in
2204 2555 2322 2606 ephe-

511 2614 662 2655 meride
683 2613 818 2654 nostra'
834 2616 964 2658 Revuef
983 2614 1174 2653 anedict.
1194 2622 1218 2653 t.
1243 2615 1326 2652 VII
1353 2613 1504 2665 (1890),
1523 2626 1558 2663 p.
1583 2614 1651 2661 416
1672 2625 1727 2662 sq.

513 2746 578 2778 DE
599 2745 856 2779 ADUENTU.
1460 2735 1532 2773 De
1556 2734 1778 2772 aduentu
1805 2733 2020 2772 Domini.
2046 2731 2163 2773 Nam
2202 2731 2320 2786 quod

571 2806 626 2847 ad
649 2818 857 2847 romanos
880 2804 962 2847 sub
984 2804 1113 2846 titulo
1140 2813 1277 2846 XVIII.
1403 2802 1676 2857 impossibile
1699 2808 1792 2844 erat
1814 2800 1923 2855 legis
1946 2801 1969 2842 i.
1992 2814 2033 2854 q.
2056 2801 2079 2841 i.-
2098 2814 2137 2854 p.
2160 2813 2192 2841 c.
2209 2800 2319 2842 deus

1403 2871 1541 2913 filium
1564 2884 1692 2912 suum
1717 2871 1899 2912 mittens
1921 2903 2025 2911 ......
2053 2875 2100 2911 ut
2122 2874 2167 2911 et
2187 2868 2318 2910 simul

1402 2939 1707 2994 glorificemur.
1730 2939 1840 2993 (VIII
1866 2939 1988 2992 3—17)

573 3053 627 3095 ad
644 3065 851 3095 romanos
866 3052 947 3093 sub
961 3051 1091 3093 titulo
1104 3042 1314 3092 XXXVIII.
1463 3050 1535 3088 De
1565 3049 1786 3087 aduentu
1820 3046 2033 3087 Domini.
2060 3043 2178 3085 Nolo
2200 3043 2318 3084 enim

1406 3132 1484 3160 uos
1507 3119 1709 3172 ignorare
1733 3117 1757 3159 f.
1782 3130 1835 3158 m.
1859 3116 1899 3157 h.
1922 3115 2025 3169 quia
2046 3114 2236 3155 caecitas
2258 3124 2317 3155 ex

1404 3193 1528 3247 parte
1550 3186 1737 3247 contigit
1760 3218 1864 3227 .....
1890 3184 1974 3243 ipsi
1996 3183 2135 3244 gloria
2158 3183 2200 3227 in
2224 3195 2316 3229 sae-
