2554 3658
524 323 622 369 444

528 681 593 714 DE
616 681 936 720 MARTYRIBUS

586 742 642 783 ad
664 741 930 784 timotheum
950 750 986 782 ΙΙ
1010 741 1091 781 sub
1113 741 1243 783 titulo
1265 751 1303 783 ΙΙ

531 918 595 951 DE
619 916 941 950 MARTYRIBUS

588 979 644 1019 ad
664 990 870 1020 romanos
891 976 973 1017 sub
991 976 1121 1017 titulo
1143 985 1230 1016 XXI

532 1223 586 1256 IN
612 1220 957 1255 DEDICATIONE

589 1285 646 1326 ad
668 1282 919 1325 corintheos
937 1290 954 1322 Ι
976 1280 1059 1322 sub
1072 1279 1202 1322 titulo
1224 1289 1276 1320 XI

533 1461 587 1493 IN
619 1455 962 1492 DEDICATIONE

591 1523 647 1564 ad
670 1522 857 1563 hebreos
872 1519 953 1561 sub
974 1518 1105 1560 titulo
1128 1527 1165 1559 ΙΙ

537 1766 591 1799 IN
616 1761 961 1798 DEDICATIONE

595 1827 649 1867 ad
674 1815 877 1879 ephesios
899 1823 981 1865 sub
1002 1822 1133 1865 titulo
1155 1832 1205 1864 VI

539 2141 605 2173 DE
627 2138 827 2172 NATALE
849 2136 1069 2170 EPISCOPI

598 2201 654 2243 ad
673 2199 860 2241 hebreos

544 2515 611 2547 DE
632 2511 1069 2547 ORDINATIONIBUS

603 2574 658 2615 ad
674 2572 939 2614 timotheum
964 2580 979 2611 Ι
1003 2571 1084 2612 sub
1106 2570 1237 2613 titulo
1254 2580 1344 2612 VIII

546 2749 612 2781 DE
646 2746 1081 2780 ORDINATIONIBUS
1103 2746 1346 2779 DIACONO—

606 2818 716 2851 RUM

606 2877 662 2919 ad
685 2875 950 2918 timotheum
975 2885 990 2916 Ι
1014 2875 1096 2918 sub
1118 2875 1248 2918 titulo
1274 2885 1346 2916 XII
1369 2869 1371 2871 ¹

549 2983 616 3015 DE
636 2981 857 3015 AGENms

607 3043 662 3087 ad
686 3040 879 3083 thessall.
897 3050 912 3081 1
936 3041 1017 3082 sub
1032 3041 1161 3082 titulo
1184 3050 1288 3082 xvn

937 313 1213 356 LIICTIONES
1252 323 1316 355 EX
1354 321 1608 355 APOSTOLO
1646 321 1932 354 CAPUANAE.

1422 436 1729 484 Martyribus
1764 447 1796 479 -ι-
1827 441 1871 478 et
1912 435 2097 489 profetis
2142 436 2218 491 qul
2260 443 2339 490 per

1420 504 1551 547 fidem
1575 505 1833 562 deuicerunt
1856 513 1991 560 regna
2019 531 2027 546 .·
2039 537 2125 547 .....
2166 517 2221 547 ne
2242 505 2337 547 sine

1418 575 1546 616 nobis
1567 580 1993 617 consummarentur.
2016 574 2089 629 (XI
2116 573 2271 628 32-40)

1482 671 1553 713 Ad
1586 671 1764 713 titulum
1789 681 1824 712 ΙΙ
1863 671 1970 713 nihil
1994 677 2183 714 notatur.
2225 672 2342 714 Peri-

1422 755 1533 795 copa
1570 747 1719 782 tamen
1743 741 1779 794 (Ι
1815 741 1939 795 8-12)
1975 746 2220 796 martyrum
2258 741 2343 783 sol-

1423 810 1643 852 lemnitati
1666 816 1771 864 apta
1794 816 1874 852 est.

1487 907 1617 946 Lect.
1645 908 1698 945 in
1726 908 1890 946 natale
1921 911 2220 956 martyr-uini*
2249 908 2343 951 Sci-

1424 989 1521 1017 mus
1563 990 1599 1018 a.
1637 969 1847 1030 quoniam
1886 976 2173 1030 diligentibus
2205 976 2339 1018 deum

1426 1078 1531 1087 ......
1549 1058 1662 1099 quae
1684 1045 1811 1087 estin
1834 1045 1999 1088 christo
2013 1045 2138 1087 ihesu
2156 1045 2340 1087 domino

1425 1120 1588 1157 nostro.
1611 1114 1722 1168 (vm
1754 1113 1903 1167 28-39)

1488 1209 1656 1249 Lectio
1677 1212 1728 1249 in
1756 1212 2082 1251 dedicatione.
2108 1211 2196 1267 Qui
2219 1212 2342 1267 plan-

1424 1285 1491 1322 tat
1512 1286 1661 1322 autem
1694 1285 1738 1322 et
1759 1280 1834 1334 qui
1857 1281 1971 1335 rigat
2004 1314 2109 1322 ......
2136 1286 2338 1323 sanctum

1426 1355 1492 1390 est
1514 1349 1633 1402 quod
1658 1349 1762 1391 estis
1785 1363 1874 1391 uos.
1896 1350 1975 1404 (ΙΙΙ
1998 1350 2122 1405 8-17)

1486 1445 1621 1499 Lege,
1641 1445 1723 1487 sub
1756 1445 1888 1488 titulo
1910 1456 2015 1498 XIII,
2041 1447 2094 1489 ad
2127 1459 2258 1501 quem
2281 1448 2343 1489 lo-

1429 1530 1528 1558 cum
1552 1523 1734 1559 notatur
1757 1517 1925 1558 Lectio
1941 1518 1993 1555 in
2014 1517 2343 1557 dedicatione.

1433 1586 1569 1629 Unde
1590 1586 1747 1628 fratres
1762 1587 1903 1629 sancti
1929 1620 2033 1629 ......
2060 1586 2232 1629 firmam
2248 1588 2348 1629 reti-

1382 1664 1385 1668 ·
1433 1668 1629 1698 neamus.
1647 1655 1723 1710 (ΙΙΙ
1753 1654 1841 1711 1-6)

1487 1753 1664 1795 Titulus
1693 1762 1743 1794 VI
1785 1772 1817 1783 =
1860 1768 1893 1797 c.
1918 1764 1954 1796 ΙΙ
1983 1766 2123 1806 11-12‚
2157 1755 2231 1798 ubi
2253 1755 2348 1810 qui-

1430 1823 1532 1864 dem
1556 1822 1598 1864 in
1623 1823 1823 1877 margine
1845 1823 2155 1867 sollemnitatis
2179 1825 2347 1867 mentio

1382 1919 1384 1921 v
1433 1905 1520 1934 non
1559 1890 1619 1934 fit.
1657 1891 1745 1946 Qui
1781 1898 1931 1934 tamen
1969 1884 2103 1944 locus,
2135 1894 2171 1935 si
2207 1906 2346 1949 usque

1434 1962 1490 2003 ad
1531 1975 1570 2004 v.
1612 1972 1662 2002 21
1703 1961 1999 2013 continuatur,
2040 1962 2127 2005 diei
2164 1963 2348 2006 omnino

1435 2031 1703 2073 conveniens
1726 2036 1803 2073 est.

1493 2127 1568 2168 Ex
1586 2127 1637 2168 iis
1650 2140 1765 2182 quae
1779 2128 1835 2169 ad
1853 2127 2099 2182 marginem
2121 2127 2350 2183 Epistolae

1434 2196 1490 2245 ad
1500 2196 1733 2239 Hebraeos
1748 2196 1955 2251 leguntur
1969 2197 2352 2250 adnotationibus,

1434 2265 1555 2307 nulla
1577 2266 1678 2307 huic
1700 2266 1831 2308 titulo
1858 2268 2110 2322 respondet,
2133 2267 2235 2310 licet
2257 2268 2352 2323 ipse

1435 2335 1590 2378 titulus
1611 2337 1668 2378 ad
1685 2350 1780 2390 cap.
1801 2346 1833 2377 V
1860 2348 1876 2377 1
1903 2350 1965 2392 sq.
1987 2337 2279 2392 probabiliter
2296 2338 2354 2380 sit

1434 2404 1699 2447 referendus.

1495 2508 1625 2547 Lect.
1649 2508 1712 2547 de
1735 2508 2091 2548 ordinationib.
2127 2504 2355 2547 Diaconos

1435 2573 1638 2614 similiter
1664 2606 1769 2615 ......
1798 2580 1842 2615 et
1876 2572 2204 2615 firmamentum
2243 2573 2355 2616 ueri·-

1436 2643 1552 2685 tatiS.
1574 2642 1651 2696 (ΙΙΙ
1676 2642 1799 2697 8-15)

1499 2739 1629 2778 Lect.
1679 2739 1740 2778 de
1788 2739 2143 2779 ordinationib.
2191 2739 2356 2782 Fidelis

1440 2821 1469 2849 s,
1494 2821 1527 2849 e.
1550 2821 1589 2850 o.
1621 2821 1657 2850 a.
1680 2809 1720 2851 d.
1756 2808 1798 2849 in
1836 2808 1920 2849 hoc
1952 2808 2069 2849 enirn
2103 2807 2355 2851 laboramus

1443 2909 1547 2918 ......
1574 2883 1618 2919 et
1639 2877 1713 2931 qui
1736 2883 1780 2919 te
1802 2878 1999 2920 audiunt.
2025 2877 2095 2931 (IV
2115 2877 2241 2932 9-16)

1501 2974 1631 3012 Lect.
1679 2975 1741 3013 de
1789 2975 2004 3022 agendis.
2055 2974 2277 3016 Nolumus
2318 2988 2355 3018 a.

1438 3041 1640 3095 ignorare
1663 3057 1741 3085 uos
1765 3044 1919 3086 fratres
1956 3045 2011 3087 de
2032 3037 2354 3087 dormientibus

1446 3142 1551 3152 ......
1568 3125 1743 3166 semper
1763 3125 1863 3154 cum
1887 3112 2070 3155 domino
2091 3112 2265 3156 erimus.
2282 3112 2353 3168 (Iv

1450 3180 1598 3242 13-17)
