2554 3658
474 350 570 395 414
1081 343 1331 377 HOMILIAE
1367 342 1681 375 TOLETANAE.

530 462 554 503 f.
581 472 635 514 79
660 463 833 500 Sermo
856 461 906 497 in
926 454 1090 507 primo
1111 459 1362 497 dominico
1379 460 1491 506 post
1511 456 1709 493 octabas
1736 463 1894 502 pasce.
1921 454 2028 494 Dies
2066 465 2277 493 resurrec-

424 580 426 582 ,
471 531 603 572 tionis
645 525 826 580 domini,
860 529 1014 570 fratres
1052 528 1271 569 karissimi
1314 559 1419 568 ......
1458 529 1662 579 preparet
1705 529 1747 564 et
1786 522 2030 572 confirmet,
2066 522 2141 576 qui
2178 534 2278 562 cum

478 605 615 653 patre,
637 606 716 640 etc.

530 721 555 761 f,
581 727 656 771 79v
681 719 853 757 Sermo
889 718 940 754 in
977 717 1045 754 11⁰
1071 714 1323 753 dominico
1353 716 1465 760 post
1498 712 1695 752 octabas
1724 722 1882 760 pasce.
1918 711 2139 754 Odiernus
2176 711 2282 760 dies,

472 790 626 830 fratres
660 787 891 836 karissimi,
914 786 954 826 in
995 797 1158 837 magno
1181 788 1459 823 sacramento
1501 814 1606 823 ......
1631 780 1887 822 indeficiens
1925 771 2167 822 beatitudo,
2207 779 2279 820 Ad

473 872 607 912 quam
633 870 711 897 nos
733 855 961 909 peruenire
986 852 1212 901 concedat,
1234 857 1314 892 etc.

535 977 557 1018 f.
583 978 656 1017 80V
680 977 851 1014 Sermo
869 974 920 1010 in
943 973 1042 1010 1110
1058 972 1308 1009 dominico
1330 974 1441 1018 post
1461 970 1659 1008 octabas
1688 970 1884 1020 pasche.
1911 970 2087 1010 Fratres
2109 969 2283 1010 karissi-

477 1047 548 1096 mi,
570 1051 717 1086 tenete
756 1043 968 1096 xpianam
994 1040 1125 1081 fidem
1154 1072 1258 1080 ......
1300 1039 1559 1092 pen-uenient
1583 1040 1625 1079 in
1649 1038 1809 1080 futuro,
1848 1039 2107 1080 Adiubante
2143 1038 2282 1080 domi-

478 1129 548 1164 no,
570 1121 649 1155 etc.

537 1238 561 1280 f.
587 1240 660 1279 81v
698 1238 870 1275 Sermo
902 1235 951 1271 in
987 1234 1114 1272 ΙΙΙΙο
1143 1233 1395 1274 dominico
1430 1235 1541 1279 post
1572 1233 1772 1271 octabas
1803 1232 1998 1280 pasche.
2038 1231 2286 1281 Karissimi,

482 1307 697 1360 redempti
733 1318 885 1345 sumus
919 1304 973 1344 ad
1011 1304 1149 1343 uitam
1185 1308 1415 1343 aeternam
1444 1335 1548 1344 ......
1576 1302 1650 1343 Ad
1680 1315 1812 1355 quem
1851 1300 2063 1354 gaudium
2087 1313 2168 1341 nos
2192 1300 2286 1353 ipse

483 1377 696 1432 perducat
720 1374 793 1428 qui
817 1387 916 1414 cum
940 1368 1077 1426 patre,
1100 1377 1181 1413 etc.

544 1500 567 1542 f.
592 1501 664 1541 82ν
704 1499 875 1537 Sermo
897 1498 949 1534 in
970 1497 1148 1544 quinto
1169 1496 1422 1534 'dominico
1455 1498 1566 1543 post
1587 1495 1787 1534 octabas
1807 1493 2001 1542 pasche.
2044 1493 2293 1543 Karissimi,

486 1584 563 1624 per
586 1567 949 1610 resurrectionem
981 1566 1118 1607 nostri
1159 1564 1415 1606 mediatoris
1442 1597 1546 1606 ......
1573 1571 1616 1606 et
1640 1563 1918 1606 laetemur-in
1943 1577 2007 1605 eo.
2029 1563 2290 1605 Adiubante

490 1653 570 1680 nos
594 1638 717 1679 ihesu
742 1651 846 1690 xpo,
868 1642 949 1677 etc.

546 1763 572 1804 f.
597 1764 648 1814 83
675 1763 847 1801 Sermo
868 1761 930 1798 de
951 1759 1238 1797 ascensione
1259 1759 1463 1797 domini.
1500 1758 1823 1800 Ascensionem
1865 1756 2033 1798 domini
2050 1804 2052 1806 v
2071 1756 2291 1798 caelebra-

492 1846 601 1881 mus,
639 1832 794 1872 fratres
831 1829 1051 1870 karissimi
1239 1827 1611 1879 commendasset,
1652 1828 1851 1869 ascendit
1889 1827 2152 1869 in'caelum.
2194 1827 2294 1880 Ipse

490 1902 711 1951 dominus,
734 1906 813 1941 etc.

546 2031 594 2067 In
629 2025 943 2067 Sacramentario
977 2025 1176 2063 Toletano
1212 2021 1368 2061 Musaei
1404 2022 1619 2061 Britannici
1654 2022 1788 2061 multis
1821 2022 1975 2061 auctior
2006 2021 2198 2072 reperitur
2226 2022 2292 2060 fol.

497 2086 600 2134 158,
623 2082 758 2132 ibique
792 2092 975 2130 magnam
1006 2077 1236 2117 affinitatem
1271 2077 1390 2115 habet
1423 2089 1515 2115 cum
1550 2089 1732 2115 sermone
1765 2076 1975 2137 Augustini
2009 2079 2111 2126 265;
2146 2078 2297 2126 Augus-

491 2138 575 2176 tino
595 2145 633 2175 et
667 2137 751 2186 ipse
772 2148 860 2173 mea
891 2133 1086 2173 sententia
1111 2132 1218 2170 haud
1240 2131 1435 2181 indignus,
1458 2131 1550 2169 licet
1572 2131 1713 2178 adhuc,
1739 2131 1793 2169 uti
1814 2131 1978 2178 videtur,
2002 2129 2184 2169 ineditus.

553 2258 577 2298 f
603 2259 652 2309 85
681 2258 851 2295 Sermo
873 2256 934 2293 de
955 2255 1036 2293 die
1057 2254 1308 2292 dominico
1330 2255 1440 2300 post
1462 2253 1748 2290 ascensione
1770 2253 1973 2290 domini.
2000 2252 2300 2294 saluberrimo

496 2341 575 2368 nos
597 2326 792 2375 consilio,
810 2323 1083 2366 dilectissimi
1108 2324 1284 2367 fratres
1281 2355 1384 2363 ......
1404 2335 1491 2363 non
1516 2322 1571 2363 ad
1591 2322 1773 2363 uulnera
1791 2322 1867 2363 sed
1892 2323 1947 2363 ad
1971 2323 2300 2364 medicamenta

495 2395 740 2451 proficiant.
765 2395 935 2435 Prestet
958 2399 1001 2434 et
1024 2392 1216 2441 adiubet,
1239 2397 1318 2433 etc.

551 2517 725 2557 Dicendi
746 2518 888 2556 modus
902 2517 950 2555 ab
968 2516 1130 2555 exordio
1146 2516 1196 2554 ad
1214 2516 1333 2554 finem
1350 2527 1476 2564 usque
1493 2515 1608 2564 plane
1625 2514 1896 2562 Caesarianus,
1914 2514 2005 2553 licet
2023 2514 2140 2553 verba
2156 2513 2301 2563 quibus

497 2572 654 2612 litaniae
675 2571 902 2610 indicuntur
924 2570 1105 2609 nonnihil
1127 2569 1361 2619 interpolata
1387 2569 1556 2618 usuique
1585 2568 1791 2618 hispanico
1812 2575 1945 2618 aptata
1975 2581 2059 2607 esse
2081 2569 2299 2608 videantur.

499 2627 562 2666 Ibi
585 2626 688 2666 enim
712 2625 853 2664 dicitur
873 2624 1026 2663 litanias
1064 2634 1084 2665 <<
1111 2637 1133 2662 a
1154 2630 1293 2673 quarta
1324 2623 1418 2662 feria
1439 2635 1565 2672 usque
1586 2624 1635 2661 ad
1670 2630 1818 2661 sextam
1840 2622 1976 2661 feriam
2004 2633 2025 2663 »
2047 2630 2138 2661 ante
2163 2624 2301 2661 Pente-

498 2689 636 2720 costen
665 2693 750 2719 esse
785 2680 1006 2717 servandas.
1034 2680 1083 2716 Et
1114 2679 1216 2716 hanc
1246 2677 1409 2727 quidem
1445 2677 1661 2726 aliquando
1689 2676 1824 2722 fuisse,
1844 2676 2046 2716 Ecclesiae
2079 2678 2300 2715 Toletanae

499 2733 831 2775 consuetudinem
853 2746 900 2772 ex
920 2732 1140 2772 Orationali
1170 2732 1330 2782 gothico
1363 2744 1483 2781 quem
1505 2731 1676 2791 vulgavit
1699 2730 1956 2769 Bianchinius
1990 2730 2105 2769 facile
2139 2730 2297 2777 eruitur,

500 2791 550 2829 ad
571 2789 680 2840 quod
697 2787 815 2826 etiam
836 2787 990 2826 accedit
1013 2786 1253 2825 Breviarium
1285 2786 1543 2824 Mozarabum
1579 2784 1755 2834 itemque
1777 2784 1940 2824 Missale
1975 2783 2297 2823 Ambrosianum.

501 2846 553 2882 At
572 2856 664 2882 vero
687 2841 784 2880 nihil
805 2848 862 2879 est
883 2840 1186 2888 controversiae,
1209 2839 1305 2890 quin
1338 2841 1495 2878 Arelate
1530 2838 1630 2877 sicut
1651 2837 1691 2876 in
1712 2838 1851 2878 ceteris
1884 2839 2039 2877 Galliae
2074 2839 2299 2895 regionibus

500 2897 660 2936 litaniae
681 2905 772 2934 ante
801 2895 1057 2933 Ascensionis
1078 2894 1331 2933 festivitatem
1349 2893 1431 2933 fieri
1448 2893 1587 2932 solitae
1604 2893 1690 2932 sint

561 3020 585 3061 f.
610 3021 664 3070 89
687 3020 858 3057 Sermo
890 3018 952 3054 de
987 3016 1193 3053 letanias
1220 3017 1555 3063 pentecosten.
1594 3013 1719 3063 Ecce,
1748 3013 1902 3055 fratres
1941 3013 2172 3061 karissimi,
2206 3012 2301 3053 dies

503 3088 643 3128 sancti
667 3101 718 3128 ac
741 3085 989 3140 spirituales
1016 3116 1119 3125 ......
1148 3098 1227 3137 pro
1251 3097 1327 3124 sua
1366 3083 1531 3136 pietate
1568 3081 1820 3131 concedere,
1864 3081 1957 3135 ipse
1980 3080 2199 3130 dominus,
2221 3086 2301 3121 etc.

557 3210 695 3248 Sermo
716 3207 901 3255 Caesarii,
924 3207 1023 3246 inter
1045 3204 1510 3257 pseudo-augustinianos
1527 3215 1613 3254 173,
1631 3203 1765 3254 paucis
1779 3201 1938 3242 mutatis
1955 3201 2183 3252 omissoque
2204 3214 2240 3240 n.
2263 3214 2299 3248 4.
