2554 3658
1358 551 1467 613 tv.

569 701 942 816 capitula
1017 701 1629 815 Evangeliorum
1702 703 2254 818 Neapolitana.

714 835 791 887 (Ex
813 836 929 875 codd.
955 836 1061 873 Mus.
1084 835 1178 874 Brit.
1202 837 1362 877 Cotton.
1389 837 1497 876 Nero
1521 837 1568 875 D.
1587 837 1656 884 IV,
1675 843 1714 876 et
1734 838 1832 888 Reg.
1858 838 1876 875 1
1900 838 1941 875 B.
1967 822 2106 887 Vm.)

561 1006 778 1058 Praecipua
798 1006 852 1046 rei
873 1006 1127 1046 lectionariae
1148 1014 1418 1054 monumenta,
1437 1006 1675 1057 quibuscum
1699 1005 1818 1046 Liber
1835 1007 2024 1047 Comicus
2046 1009 2312 1049 conferendus

507 1060 566 1109 sit,
590 1061 629 1100 in
650 1061 892 1112 praefatione
914 1062 1083 1101 breviter
1103 1061 1275 1100 indicavi
1294 1076 1302 1101 ι
1323 1074 1370 1101 ex
1390 1061 1534 1111 quibus
1555 1060 1782 1111 Capitulare
1804 1061 2109 1112 Evangeliorum
2128 1064 2312 1114 Neapoli-

507 1123 643 1154 tanum
679 1124 717 1155 et
744 1117 955 1155 Lectiones
991 1129 1036 1155 ex
1070 1117 1267 1166 Apostolo
1298 1116 1522 1166 Capuanas,
1559 1116 1668 1165 quod
1698 1114 1855 1154 maioris
1890 1116 2082 1155 momenti
2114 1117 2311 1169 simulque

507 1170 636 1209 minus
657 1171 836 1221 vulgatae
854 1169 1016 1210 notitiae
1036 1177 1178 1217 essent,
1200 1169 1341 1209 huicce
1354 1169 1566 1220 appendici
1588 1169 1757 1209 inserere
1779 1169 1901 1208 visum
1926 1179 1994 1210 est.

562 1224 735 1263 Primum
758 1224 918 1274 quidem
942 1224 1109 1264 breviter
1129 1237 1175 1263 ea
1194 1225 1549 1263 commemoranda
1569 1232 1671 1272 sunt,
1694 1236 1796 1273 quae
1827 1224 1878 1263 de
1907 1225 2104 1276 pericopis
2125 1227 2311 1276 Neapoli-

506 1278 616 1317 tanis
620 1278 734 1317 latius
749 1278 967 1339 disputavi
959 1292 998 1317 1n
1015 1278 1667 1339 ephemerideRevueanbdzktme,
1683 1284 1711 1319 t.
1726 1279 1831 1316 VIII
1847 1277 1987 1330 (1891)
2003 1292 2039 1330 p.
2055 1282 2144 1341 48.¹’
2162 1292 2238 1331 529
2252 1294 2308 1332 sq.

562 1334 655 1371 Duo
676 1340 807 1372 extant
824 1333 863 1372 in
882 1335 1051 1373 Musaeo
1066 1332 1294 1372 Britannico
1310 1333 1471 1375 codices
1489 1332 1797 1383 Evangeliorum
1819 1332 1922 1371 circa
1936 1346 2000 1371 an.
2020 1346 2095 1382 700
2112 1333 2151 1372 in
2168 1335 2311 1386 Anglia

505 1386 730 1438 conscripti,
753 1389 914 1428 Cotton.
948 1401 1017 1427 ms.
1042 1389 1151 1427 Nero
1174 1389 1222 1426 D.
1248 1389 1307 1426 IV
1328 1387 1405 1438 <Ev
1408 1385 1666 1438 angeliarium
1687 1387 1726 1426 S.
1748 1386 1974 1437 Cuthberti)
1995 1395 2034 1426 et
2051 1388 2200 1439 Regius
2223 1390 2240 1428 1
2265 1391 2308 1429 Β.

505 1442 624 1489 VIII,
647 1442 715 1491 qui
736 1441 775 1480 in
797 1441 992 1493 principio
1012 1441 1325 1492 uniuscuiusque
1346 1440 1538 1493 evangelii
1558 1441 1731 1480 indicem
1746 1439 1933 1481 exhibent
1953 1441 2208 1481 festivitatum
2230 1443 2311 1483 sive

505 1495 670 1541 dierum,
708 1495 746 1534 in
781 1495 926 1546 quibus
947 1496 1097 1547 aliquid
1120 1510 1166 1535 ex
1186 1509 1235 1535 eo
1256 1495 1351 1535 olim
1386 1497 1599 1547 legebatur.
1622 1497 1712 1534 Hos
1732 1502 1864 1534 autem
1896 1495 2059 1544 indices,
2091 1509 2192 1547 quos
2219 1510 2310 1536 cum

504 1549 590 1599 ipso
625 1551 918 1601 evangeliorum
953 1558 1060 1590 textu
1096 1551 1316 1601 glossisque
1345 1553 1475 1601 anglo·
1478 1549 1673 1590 saxonicis
1699 1562 1746 1589 ex
1777 1551 1863 1589 solo
1897 1527 2142 1590 Cottoniano
2171 1551 2312 1591 codice

504 1603 629 1643 edidit
662 1605 721 1644 W.
758 1606 816 1647 W.
853 1606 971 1644 Skeat
1007 1604 1314 1656 (Cantabrigiae,
1350 1618 1410 1659 an.
1452 1607 1565 1654 1871,
1608 1606 1718 1653 1874,
1761 1605 1861 1653 1878
1897 1611 1935 1644 et
1960 1602 2091 1656 1887),
2113 1606 2164 1645 ad
2194 1619 2310 1645 usum

505 1657 708 1698 Ecclesiae
729 1659 1018 1710 Neapolitanae
1047 1667 1224 1710 spectare
1254 1672 1301 1699 ex
1322 1673 1370 1699 eo
1390 1658 1708 1699 manifestissime
1729 1665 1884 1698 constat
1904 1660 2025 1709 quod,
2047 1672 2139 1698 cum
2161 1660 2311 1711 paucis-

503 1713 602 1751 sima
633 1712 672 1750 in
708 1712 764 1752 eis
798 1722 1024 1753 sanctorum
1060 1715 1159 1753 festa
1193 1721 1413 1761 occurrant,
1463 1713 1653 1753 lectiones
1688 1712 1906 1773 peculiares
1937 1714 1990 1751 In
2025 1714 2157 1752 natale
2188 1716 2317 1754 sanctt

508 1767 683 1806 lanuarz
706 1775 745 1807 et
775 1769 826 1806 ln
860 1769 1050 1807 twetumum
1069 1770 1196 1807 sanctt
1215 1769 1394 1807 Ianuari
1414 1769 1634 1819 assignatae
1668 1767 1756 1806 sint.
1791 1768 1959 1817 Insuper
1992 1775 2126 1809 notata
2159 1767 2308 1808 ibidem

502 1820 693 1871 reperitur
727 1823 929 1862 Dedicatt'o
965 1823 1140 1862 basilicae
1172 1824 1374 1873 Stephani,
1409 1835 1491 1873 quo
1520 1821 1681 1861 nomine
1715 1820 1809 1860 item
1845 1822 2109 1872 Neapolitana
2143 1823 2310 1863 ecclesia

503 1876 738 1914 cathedralis
760 1877 799 1915 in
821 1885 951 1917 vetere
972 1876 1218 1916 Kalendario
1240 1890 1463 1916 marmoreo
1483 1876 1630 1916 saeculi
1651 1876 1745 1914 noni
1767 1875 2006 1926 designatur.

558 1931 736 1979 Quaeres
756 1932 868 1980 forte,
890 1931 958 1982 qui
978 1931 1062 1971 fieri
1082 1930 1263 1982 potuerit,
1286 1938 1328 1970 ut
1349 1930 1580 1970 huiusmodi
1601 1929 1786 1980 Capitula
1804 1930 2109 1981 Evangeliorum
2124 1931 2310 1982 Neapoli-

503 1991 595 2022 tana
616 1983 655 2022 in
677 1997 817 2024 manus
852 1987 1059 2037 anglorum
1081 1985 1295 2025 scribarum
1318 1984 1476 2036 septimi
1511 1983 1910 2025 saeculi-devenerint
1934 1987 1951 2024 ?
1982 1986 2076 2023 Hoc
2110 1986 2234 2025 modo
2254 1986 2309 2025 rei

503 2051 622 2077 causa
642 2039 877 2089 explicanda
898 2048 966 2080 est.

557 2095 677 2131 Anno
694 2095 783 2142 668,
799 2095 1016 2134 Theodoro
1032 2094 1308 2135 Cantuariensi
1321 2093 1622 2144 archiepiscopo
1643 2092 1682 2131 in
1696 2092 1879 2143 Angliam
1898 2091 2163 2144 proficiscenti
2177 2093 2309 2134 socius

503 2160 525 2186 a
546 2146 746 2186 Vitaliano
767 2162 870 2200 papa
901 2149 1016 2188 datus
1038 2157 1096 2189 est
1130 2149 1253 2188 abbas
1290 2148 1532 2196 Hadrianus,
1568 2147 1624 2186 vir
1659 2146 1821 2186 natione
1842 2148 1936 2186 Afer
1963 2160 2111 2198 :quem
2143 2147 2306 2199 quidem

506 2211 525 2242 «
547 2202 588 2240 in
610 2204 840 2242 monasterio
860 2204 1067 2252 Nisidano,
1084 2204 1188 2253 quod
1199 2209 1254 2241 est
1271 2216 1346 2241 non
1366 2204 1474 2253 longe
1492 2216 1517 2241 a
1537 2202 1709 2252 Neapolt
1724 2202 1964 2252 Campaniae
1980 2211 2001 2242 ))
2022 2209 2138 2242 antea
2154 2202 2309 2253 degisse

497 2255 619 2295 'tradit
641 2257 888 2297 Venerabilis
917 2259 1040 2306 Beda,
1064 2258 1168 2297 Hist.
1200 2259 1352 2296 Eccles.
1377 2259 1447 2304 IV,
1474 2270 1503 2295 1.
1538 2256 1671 2295 Facile
1692 2263 1823 2295 autem
1857 2255 2014 2306 putabis
2038 2257 2161 2296 virum
2196 2256 2307 2296 illum

502 2322 630 2349 rerum
648 2311 1002 2350 ecclesiasticarum
1024 2312 1202 2363 apprime
1223 2311 1458 2360 studiosum,
1483 2309 1734 2349 Hadrianum
1757 2309 1894 2358 dico,
1885 2322 1923 2348 ln
1944 2310 2106 2360 gratiam
2128 2312 2307 2351 novellae

500 2364 627 2415 gentis
655 2364 774 2404 libros
808 2366 960 2416 aliquot
991 2379 1128 2406 secum
1148 2365 1348 2413 detulisse,
1383 2374 1503 2416 atque
1533 2364 1634 2404 inter
1664 2364 1751 2403 illos
1790 2364 1971 2403 codicem
2001 2365 2306 2415 Evangeliorum

503 2417 705 2458 Ecclesiae
737 2420 1029 2471 Neapolitanae
1057 2420 1144 2459 usui
1165 2421 1540 2460 accommodatum:
1566 2431 1687 2469 quem
1707 2426 1846 2469 postea
1875 2418 1973 2457 nihil
1993 2418 2238 2469 suspicantes
2258 2432 2307 2459 ex

501 2473 652 2524 integro
673 2475 999 2535 transcripserunt
1019 2476 1150 2525 plures
1171 2474 1284 2513 variis
1305 2473 1344 2512 in
1365 2474 1463 2513 locis
1493 2472 1713 2523 antiquarii.

554 2528 732 2566 Praefata
761 2529 933 2579 capitula
963 2529 1071 2567 iuxta
1099 2529 1293 2576 ordinem,
1309 2541 1409 2589 *quo-
1436 2527 1536 2567 inter
1565 2540 1606 2566 se
1635 2527 1676 2565 in
1705 2534 1873 2577 utroque
1903 2527 2043 2567 codice
2074 2535 2304 2578 sequuntur,

501 2582 668 2633 primum
687 2590 868 2622 accurate
885 2584 1052 2631 reddidi,
1074 2583 1220 2623 additis
1236 2582 1444 2634 pericopis,
1466 2594 1570 2632 quae
1589 2580 1733 2631 cuique
1753 2580 1832 2620 diei
1852 2581 2107 2632 respondent,
2128 2581 2195 2620 ubi
2215 2581 2306 2622 illae

499 2644 607 2676 certo
636 2645 703 2675 ant
734 2639 872 2677 saltem
905 2638 1159 2688 probabillter
1192 2637 1347 2676 definiri
1381 2643 1574 2687 poterant.
1609 2635 1768 2674 Deinde
1802 2634 1942 2675 iisdem
1983 2635 2165 2686 capitulis
2199 2635 2306 2675 iuxta

499 2690 637 2730 seriem
661 2691 955 2731 sollennitatum
977 2691 1189 2742 dispositis,
1212 2691 1417 2741 antiquam
1437 2689 1634 2741 liturgiam
1656 2689 1976 2740 Neapolitanam,
1998 2690 2123 2740 qualis
2146 2690 2304 2729 saeculo

499 2745 668 2795 septimo
689 2747 768 2785 fere
788 2746 922 2785 medio
943 2745 1027 2794 fuit,
1050 2753 1341 2796 repraesentare
1361 2753 1527 2784 conatus
1557 2757 1656 2785 sum.

502 2891 537 2928 I.
596 2892 920 2931 CAPITULA
979 2892 1179 2931 IUXTA
1236 2890 1544 2940 ORDINEM
1596 2889 1894 2928 CODICUM
1947 2888 2301 2930 DISPOSITA.

1019 2979 1147 3017 Ante
1180 2978 1502 3024 Evangelium
1538 2976 1791 3015 Matthaei.

591 3093 622 3123 Ι.
657 3081 788 3122 Pridu
812 3081 959 3123 natale
981 3081 1149 3123 domini
1972 3090 1989 3121 Ι
2027 3083 2076 3122 18

587 3160 621 3190 2.
658 3150 708 3190 In
732 3149 849 3191 stilla
871 3150 1040 3191 domini
1063 3151 1118 3192 ad
1143 3150 1277 3191 missa
1309 3150 1485 3203 publica
1972 3159 2008 3190 11
2046 3162 2060 3190 1

587 3230 621 3270 3.
657 3219 949 3259 Innocentum
1972 3228 2018 3259 11·
2046 3220 2096 3259 16
