2554 3658
850 375 1099 409 HOMILIAE
1136 375 1451 408 TOLETANAE.
1953 378 2007 421 41
2024 374 2048 421 7

240 490 515 533 dilectissimi
539 486 705 542 fratres,
740 498 922 533 cruente
945 491 1096 533 mortis
1135 491 1292 532 nuntio
1329 491 1467 532 tauidi
1496 523 1600 532 ......
1638 504 1794 532 omnes
1826 490 1956 533 simul
1994 492 2049 531 ad

240 560 372 601 deum
396 559 720 614 indulgentiam
755 561 1040 614 proclamate.

296 629 571 684 Indulgentz'e
603 630 775 677 tamdiu
806 644 967 684 quoque
1000 629 1173 671 dicende
1203 636 1307 670 sunt
1340 643 1556 683 quousque
1576 629 1787 683 episcopus
1819 629 1884 670 ad
1908 626 2054 670 corum

239 705 513 741 reuertatur.
544 705 587 740 et
612 713 743 754 quam
766 699 954 741 maxime
980 698 1191 753 quamdiu
1215 698 1360 739 LXX
1393 697 1560 739 uicibus
1591 704 1848 752 repetantur.
1883 697 2056 739 Deinde

235 768 329 809 sine
347 768 608 810 salutatione
634 768 844 823 aepiscopi
869 768 1191 822 responsurium
1215 767 1423 821 incipitur
1437 773 1479 808 et
1498 767 1632 808 tertia
1655 767 1700 808 in
1722 767 1873 808 ordine
1878 773 2054 821 percon-

230 837 388 890 pletur.
853 844 855 846 '

294 950 442 990 Incerti
461 950 646 998 auctoris,
687 950 865 990 eiusdem
901 958 1020 998 certe,
1049 949 1162 990 cuius
1182 957 1274 989 sunt
1294 949 1359 989 alii
1382 957 1459 990 tres
1493 963 1696 991 sermones
1723 951 1902 1002 proxime
1923 951 2055 991 subse-

239 1011 418 1056 quentes.
443 1007 506 1048 De
535 1015 556 1047 (<
573 1004 857 1057 Indulgentiae
875 1015 897 1047 ))
920 1005 1103 1056 precibus
1125 1005 1233 1055 apud
1255 1005 1618 1055 Gotho—Hispanos
1639 1006 1899 1056 frequentatis
1919 1007 2057 1045 confer

241 1057 405 1099 Missale
441 1059 714 1109 Mozarabum,
744 1073 780 1111 p.
828 1062 900 1109 167
932 1073 988 1110 sq.
1020 1067 1059 1100 et
1103 1060 1147 1099 L.
1181 1059 1411 1107 Duehesne,
1460 1060 1640 1110 Origines
1667 1061 1721 1099 du
1763 1062 1859 1099 culte
1892 1061 2056 1100 chrett‘en

240 1125 277 1164 p.
311 1115 400 1161 428.

300 1222 326 1265 f.
355 1234 433 1276 137
459 1225 587 1262 Item
618 1233 782 1263 sermo
800 1252 809 1262 .
833 1224 1053 1263 secunda
1083 1225 1164 1263 die
1185 1252 1194 1262 .
1213 1216 1276 1263 de
1307 1225 1459 1263 clade.
1488 1210 1736 1275 Karissimi‚
1770 1233 1958 1268 externo
1987 1226 2059 1267 die

243 1293 447 1334 nuntiata
471 1294 598 1335 nobis
621 1293 739 1335 mala
761 1293 1021 1335 deflebimus
1041 1297 1055 1335 .’
1061 1326 1147 1335 .....
1172 1293 1374 1335 obtinere
1396 1307 1496 1335 cum
1520 1294 1703 1348 angelis.
1723 1296 1804 1336 Per
1826 1295 2058 1337 dominum

242 1362 414 1404 ihesum
451 1369 531 1405 etc.
569 1358 987 1403 CONFIRMATIO.
1033 1364 1162 1414 Ecce,
1198 1363 1476 1405 dilectissimi
1519 1363 1686 1415 fratres,
1737 1365 1842 1419 quia
1885 1357 2060 1419 prolato

242 1432 370 1474 uobis
392 1433 604 1487 exemplo
630 1466 735 1475 ......
776 1447 932 1475 omnes
964 1433 1127 1488 pariter
1148 1439 1191 1475 et
1213 1434 1347 1476 corde
1369 1440 1413 1475 et
1436 1446 1545 1475 uoce
1582 1434 1909 1488 indulgentiam
1933 1447 1959 1474 a
1981 1434 2059 1492 do-

246 1502 367 1551 mino
389 1503 625 1557 postulate.
1348 1515 1351 1518 ·

298 1621 453 1728 Cnitatu)r
472 1634 563 1660 cum
582 1621 746 1661 nomine
765 1631 786 1663 <(
802 1622 943 1662 beatus
961 1623 1208 1673 Augustinus
1223 1621 1263 1660 in
1281 1634 1465 1662 sermone
1479 1623 1530 1662 de
1547 1622 1655 1662 urbis
1669 1622 1826 1663 excidio
1845 1633 1877 1665 >).
1899 1624 2060 1676 (Migne

245 1690 309 1726 40,
343 1688 417 1726 722
440 1706 448 1715 .

303 1795 329 1838 f.
358 1807 431 1847 141
460 1795 635 1835 Sermo
653 1823 662 1833 .
681 1796 762 1834 die
780 1797 928 1836 tertio
953 1824 962 1835 .
977 1797 1039 1835 de
1057 1798 1210 1836 clade.
1229 1797 1479 1849 Karissimi‚
1495 1804 1684 1840 externo
1698 1797 1771 1838 die
1793 1801 1837 1837 et
1860 1808 2064 1836 sermone

216 1879 224 1881 ⁴
244 1865 321 1907 illo
343 1866 462 1921 quod
485 1865 689 1907 scribitur
711 1899 718 1908 .
741 1867 797 1907 de
820 1867 998 1908 excidio
1021 1866 1140 1908 urbis
1166 1900 1272 1909 ......
1297 1868 1464 1909 tribuat
1496 1867 1827 1922 sempiternam.
1843 1865 1938 1924 *Qui
1963 1877 2063 1905 cum

245 1935 331 1977 deo
352 1941 489 1989 patre.
507 1941 924 1975 CONFIRMATIO.
951 1936 997 1979 Si
1015 1937 1104 1978 iam
1127 1938 1353 1988 ueraciter,
1369 1937 1591 1979 karissimi
1606 1936 1762 1978 fratres
1789 1967 1894 1976 ......
1921 1933 2063 1975 indul-

245 2004 444 2058 gentiam
466 2018 492 2046 a
506 2005 691 2047 domino
714 2006 1004 2059 postulemus.
1025 2006 1368 2060 Indulgentiam.

307 2124 333 2167 f.
361 2133 459 2177 144v
498 2127 626 2164 Item
661 2135 825 2164 sermo
857 2127 920 2164 de
951 2127 1104 2165 clade.
1150 2126 1279 2178 Ecce,
1315 2125 1591 2168 dilectissimi
1628 2124 1794 2174 fratres,
1830 2123 2069 2183 perterruit

250 2200 501 2236 nostrorum
524 2227 629 2236 ......
655 2201 803 2248 potest
827 2201 999 2236 mutare
1020 2195 1187 2238 salutis.
1207 2195 1295 2250 Qui
1318 2209 1418 2237 cum
1437 2197 1524 2237 deo
1546 2201 1673 2249 patre
1696 2200 1778 2235 etc.

308 2315 335 2357 f.
363 2317 461 2367 146v
479 2316 652 2355 Sermo
671 2316 803 2354 beati
821 2316 1047 2362 Gregorii
1064 2326 1194 2366 pape
1218 2317 1477 2355 Romensis
1490 2325 1582 2366 pro
1599 2315 1753 2354 cladis
1765 2314 2070 2352 mortalitate

249 2385 506 2424 dicendus·
533 2385 724 2439 Oportet
743 2399 836 2437 nOS‚
859 2385 1014 2428 fratres
1032 2386 1266 2436 karissimi,
1281 2391 1329 2428 ut
1349 2384 1530 2440 flagella
1547 2385 1618 2426 dei
1641 2417 1746 2426 ......
1766 2382 2068 2425 damnationis

250 2462 415 2509 parcat.
438 2454 527 2508 Qui
549 2468 650 2496 cum
668 2455 753 2497 deo
776 2462 913 2509 patre,
936 2461 1016 2497 etc.

305 2558 430 2609 Confi
449 2567 599 2619 Migne‚
625 2571 686 2618 76,
713 2582 784 2620 131
798 2583 828 2608 1.

254 2731 256 2733 ῃ
315 2681 413 2731 148ν
437 2681 610 2719 Sermo
632 2681 856 2718 eiusdem
884 2681 1020 2720 beati
1044 2681 1269 2727 Gregorii
1290 2689 1431 2728 pape.
1458 2680 1705 2729 Karissimi,
1743 2680 1904 2721 nostris
1942 2680 2069 2721 malis

250 2762 330 2803 pro
345 2749 512 2790 meritis
533 2782 639 2792 ......
657 2764 757 2792 cum
782 2750 1066 2792 festinatione
1082 2763 1381 2805 preparemus,
1399 2749 1661 2791 Adiubante
1680 2755 1759 2789 nos
1777 2748 1973 2798 domino,
1987 2755 2068 2789 etc.

306 2870 366 2909 Ex
380 2859 544 2909 homilia
561 2883 584 2917 4
600 2869 641 2909 in
662 2871 938 2923 Evangeliam,
959 2880 1032 2911 etc.

309 2986 333 3029 f.
362 2996 442 3040 150
465 2988 722 3036 Incipiunt
743 2996 999 3026 sermones
1026 2987 1088 3025 de
1109 2987 1402 3035 quotidiano
1424 2987 1557 3026 beati
1590 2988 1819 3034 Agustini
1848 2988 2067 3036 episcopi

252 3065 465 3096 numero
495 3078 552 3095 ,η
584 3059 606 3097 Ι
635 3078 672 3095 m
703 3066 803 3096 um.
828 3058 1101 3107 Gaudemus,
1134 3056 1288 3098 fratres
1311 3057 1544 3107 karissimi,
1566 3063 1610 3098 et
1644 3057 1730 3098 deo
1751 3058 1917 3111 gratias
1958 3091 2063 3099 ......

241 3126 432 3193 possitis
454 3127 697 3182 adquirere.
722 3129 803 3169 Per
825 3127 1070 3177 dominum,
1088 3132 1168 3168 etc.

310 3241 370 3280 Ex
385 3253 502 3282 serm.
516 3243 686 3294 append.
707 3245 873 3295 August.
895 3244 984 3291 265,
1001 3255 1036 3282 n.
1059 3256 1131 3281 1-2.

311 3344 443 3367 Anecdota
455 3345 561 3367 Marcds.
966 3328 968 3330 '
1964 3351 1989 3369 33
