2554 3658
481 335 576 393 438
890 349 1167 383 LECTIONES
1206 352 1268 383 Ex
1307 351 1561 383 APOSTOLO
1599 350 1877 383 CAPUANAE.

480 473 545 505 DE
578 474 748 507 EODEM
783 475 868 507 DIE

541 534 597 575 ad
652 534 902 577 corintheos
954 544 970 575 I
1021 536 1102 576 sub
1153 535 1283 576 titulo

478 611 627 644 XLVII.

481 787 533 819 IN
568 787 773 820 IEIUNIO
805 788 1153 821 EPIFANIORUM

539 847 595 888 ad
623 847 896 889 colossenses
919 849 1000 889 sub
1023 848 1153 890 titulo
1176 857 1211 888 II

483 1104 534 1134 IN
578 1103 812 1135 EPIFANIA
845 1103 987 1135 MANE

542 1164 595 1204 ad
620 1163 872 1204 corintheos
892 1173 927 1204 11
950 1164 1032 1204 sub
1055 1163 1185 1204 titulo
1202 1173 1233 1203 X

482 1357 533 1388 IN
574 1356 744 1388 EODEM
778 1356 863 1387 DIE
895 1354 1244 1387 EPIFANIORUM

542 1417 597 1457 ad
622 1416 752 1457 titum
777 1416 857 1456 sub
880 1415 1011 1457 titulo
1028 1424 1117 1457 1111.

484 1677 536 1708 IN
577 1676 749 1708 EODEM
786 1675 872 1707 DIE
903 1675 1252 1709 EPIFANIORUM

545 1737 600 1777 ad
625 1736 796 1789 galatas
821 1736 902 1777 sub
925 1735 1055 1777 titulo
1078 1746 1107 1776 X

485 1996 800 2029 COTTIDIANA
834 1997 951 2029 POST
985 1995 1231 2028 EPIFANIA.

544 2058 599 2099 ad
625 2071 832 2099 romanos
855 2058 937 2098 sub
959 2056 1089 2098 titulo
1111 2044 1215 2096 XLII

488 2250 802 2282 COTTIDIANA

486 2339 489 2342 <
544 2311 599 2351 ad
624 2310 809 2351 hebreos
833 2310 915 2350 sub
937 2310 1067 2351 titulo
1088 2319 1160 2351 XII

486 2567 802 2599 COTTIDIANA

543 2627 597 2668 ad
629 2627 814 2669 hebreos
838 2629 919 2669 sub
941 2627 1072 2669 titulo
1094 2636 1194 2667 VIII.

484 2887 795 2920 COTTIDIANA

543 2948 597 2987 ad
622 2948 792 3000 galatas
816 2948 898 2989 sub
920 2948 1051 2990 titulo
1074 2959 1176 2990 XIII.

485 3068 797 3101 COTTIDIANA

543 3128 598 3169 ad
621 3128 807 3170 hebreos
831 3130 913 3171 sub
936 3130 1066 3172 titulo
1087 3140 1173 3172 XII.

1429 465 1535 517 (Ad
1552 464 1731 505 titulum
1752 463 1921 515 XLVIII)
1945 464 2071 501 Item
2101 463 2163 501 de
2184 464 2284 501 cir-

1373 534 1690 572 cumcisione.
1716 532 1951 574 Karissimi
1991 532 2110 583 mihi,
2147 533 2286 587 fugite

1371 605 1428 645 ab
1442 603 1660 645 idolorum
1679 602 1851 644 cultura
1872 634 1977 643 ......
1999 603 2117 655 quod
2137 602 2286 644 multis

1369 680 1415 714 ut
1438 672 1550 714 salui
1573 671 1694 714 fiant.
1717 671 1753 725 (Ι
1777 672 1878 714 Cor.
1900 682 1932 713 X
1962 672 2109 726 14-33)

1434 780 1492 817 In
1524 779 1712 818 ieiunio
1740 779 2075 827 epifaniorum
2100 780 2209 822 Ideo
2246 788 2290 823 et

1375 861 1455 890 nos
1478 861 1535 888 ex
1553 861 1640 903 qua
1658 848 1729 889 die
1746 849 1998 890 audiuimus
2024 882 2129 890 ......
2149 849 2287 903 pleni-

1370 917 1570 958 tudinem
1606 916 1854 959 diuinitatis
1887 917 2147 960 inhabitare.
2183 918 2288 972 (Co-

1371 986 1469 1027 loss.
1496 986 1515 1027 I
1540 986 1666 1040 919)

1437 1096 1495 1132 In
1518 1094 1732 1142 epifania
1755 1103 1917 1136 mane.
1935 1095 2158 1149 Quoniam
2182 1096 2290 1137 deus

1377 1164 1450 1216 qui
1468 1163 1584 1205 dixit
1607 1165 1663 1206 de
1684 1165 1877 1206 tenebris
1901 1164 2048 1206 lumen
2065 1165 2290 1218 splendes-

1363 1246 1459 1273 cere
1481 1265 1586 1274 ......
1605 1239 1784 1274 aeterna
1800 1234 1966 1287 sunt.(2
1984 1234 2084 1277 Cor.
2102 1245 2151 1275 IV
2166 1235 2291 1288 6-18)

1435 1347 1603 1385 Lectio
1618 1348 1669 1384 in
1682 1347 2154 1402 Eprania.Apparuit
2172 1349 2289 1391 enim

1376 1415 1519 1468 gratia
1570 1416 1804 1458 saluatoris
2007 1430 2084 1471 per
2119 1417 2289 1459 ihesum

1372 1484 1584 1526 christum
1607 1485 1874 1527 saluatorem
1913 1492 2112 1528 nostrum
2137 1485 2193 1540 (ΙΙ
2222 1498 2290 1528 11-

1359 1562 1432 1594 ·111
1454 1553 1501 1608 6)

1378 1661 1381 1665 ’
1435 1667 1542 1719 (Ad
1553 1667 1665 1709 titul.
1680 1670 1783 1720 XVI)
1807 1669 1974 1708 Lectio
1990 1670 2042 1707 in
2064 1670 2293 1718 epifania.

1376 1735 1658 1791 Quicumque
1689 1738 1806 1778 enirn
1830 1738 1872 1778 in
1891 1738 2056 1780 christo
2078 1739 2289 1794 baptizati

1373 1805 1478 1847 estis
1505 1838 1609 1847 ......
1646 1807 1765 1860 quod
1788 1807 1824 1847 si
1848 1806 1962 1848 filius
1985 1814 2028 1849 et
2055 1804 2192 1850 'heres
2214 1823 2291 1864 per

1374 1875 1516 1928 deum.
1542 1874 1657 1924 (Gal.
1682 1885 1738 1915 111
1763 1885 1889 1927 27-1v
1911 1875 1957 1929 7)

1440 1988 1605 2025 Lectio
1645 1988 1905 2026 cotidiana.
1947 1988 2179 2031 Habentes
2215 2004 2290 2031 au-

1375 2063 1464 2097 tem
1507 2056 1769 2098 donationes
1807 2090 1911 2098 ......
1938 2059 2014 2099 sed
2051 2059 2290 2101 humilibus

1375 2125 1715 2167 consentientes.
1737 2126 1887 2179 (Rom.
1910 2137 1982 2167 XII
2005 2128 2128 2181 6-16)

1437 2241 1543 2292 (Ad
1563 2240 1676 2282 titul.
1710 2241 1806 2291 CIX)
1832 2241 1998 2279 Lectio
2026 2242 2288 2283 cotidiana.

1382 2309 1545 2352 Uidete
1567 2323 1622 2350 ne
1658 2312 1867 2353 recusetis
1903 2311 2157 2365 loquentem
2184 2344 2289 2353 ......

1374 2380 1618 2421 seruiamus
1650 2379 1876 2434 placentes
1898 2381 1993 2422 deo.
2032 2380 2191 2434 (Hebr.
2220 2390 2292 2421 XII

1380 2460 1403 2489 2
1411 2449 1531 2502 5-28)

1434 2559 1542 2612 (Ad
1557 2560 1670 2602 titul,
1692 2560 1776 2611 XL)
1801 2561 1968 2598 Lectio
2002 2560 2290 2599 cottidiana.

1379 2627 1656 2670 Confidimus
1689 2635 1838 2670 autem
1861 2629 1917 2670 de
1940 2629 2066 2670 uobis
2099 2628 2288 2670 dilectis-

1375 2697 1474 2738 simi
1500 2697 1682 2739 meliora
1710 2730 1815 2739 ......
1839 2698 2027 2751 adeptus
2057 2703 2123 2738 est
2146 2710 2290 2750 repro-

1379 2766 1634 2818 missionem
1658 2767 1818 2820 (Hebr.
1842 2776 1891 2806 VI
1908 2766 2032 2819 9-15)

1434 2879 1547 2934 (Gal.
1574 2889 1628 2920 111
1658 2882 1796 2932 15-26.
1821 2880 1944 2922 Conf.
1978 2893 2110 2934 supra
2131 2880 2187 2921 de
2216 2880 2292 2921 ad-

1377 2948 1533 3002 uentu)

1436 3062 1537 3116 (Ad
1562 3062 1674 3104 titul.
1697 3065 1814 3115 CXII)
1837 3064 2004 3103 Lectio
2027 3062 2290 3103 cotidiana.

1380 3131 1502 3172 Deus
1517 3137 1667 3173 noster
1688 3132 1801 3185 ignis
1817 3145 2082 3173 consumens
2096 3137 2163 3172 est
2184 3161 2288 3171 ......

1374 3202 1468 3261 ipse
1485 3203 1588 3244 etin
1604 3203 1791 3247 saecula.
1808 3202 2047 3257 (Hebr.X11
2064 3209 2231 3252 29-XI11
2248 3200 2292 3260 8)

2545 3166 2554 3335 mna-r..
2548 3138 2554 3154 s.
2552 3085 2554 3098 ..
