2554 3658
851 344 1010 380 mnnx
1049 341 1424 378 CAPITULORUM.
1944 342 2040 388 449

231 463 318 505 Die
341 463 540 505 sabbato.
1960 457 2042 497 218

231 535 282 576 In
305 535 532 576 dominico
553 535 610 576 de
643 533 826 575 octabas
849 544 993 585 pasce.
1960 539 2036 569 221

231 606 280 647 In
305 606 449 660 primo
479 605 707 648 dominico
727 610 830 659 post
867 602 1051 644 octabas
1084 613 1228 654 pasce.
1962 610 2047 650 224

227 677 436 720 Secundo
456 676 685 718 dominico
711 681 812 730 post
834 674 1030 717 octabas,
1963 681 2047 722 229

226 749 277 790 In
301 749 434 791 tertio
454 748 682 790 dominico
718 753 821 803 post
842 745 1027 790 octabas
1065 756 1208 799 pasce.
1964 753 2045 794 232

227 822 277 864 In
302 827 405 863 11110
425 821 653 863 dominico
674 826 776 876 post
798 819 992 862 octabas.
1962 823 2042 869 235

229 893 279 934 In
304 893 422 934 diem
455 892 599 934 sancti
631 891 849 947 Torquati
874 881 942 932 uel
981 889 1201 932 sociorum
1240 889 1346 931 eius.
1963 889 2046 939 238

227 965 415 1007 Indiem
437 965 791 1007 sanctaecrucis.
1964 969 2049 1010 240

228 1037 279 1078 In
303 1037 562 1078 ascensione
599 1036 785 1078 Domini
823 1036 879 1076 ad
918 1035 1112 1075 missam.
1965 1040 2046 1082 242

230 1108 281 1149 In
303 1108 532 1151 dominico
553 1114 655 1162 post
677 1107 936 1149 ascensione
975 1105 1227 1148 Domini....
1967 1102 2051 1154 246

184 1234 186 1237 .
228 1179 315 1222 Die
336 1180 526 1222 sabbato
547 1180 604 1222 ad
628 1180 759 1221 tertia
782 1185 886 1220 ante
909 1182 1244 1232 penteconsten.
1967 1187 2049 1228 247

232 1251 283 1292 In
305 1251 424 1293 diem
447 1257 651 1293 sanctum
689 1256 979 1305 pentecosten
1018 1250 1073 1291 ad
1105 1249 1342 1291 missam...
1967 1257 2053 1302 250

232 1321 285 1363 In
308 1321 427 1362 diem
451 1322 592 1363 sancti
621 1321 857 1365 Adriani...
1064 1353 1111 1363 ..
1967 1330 2050 1374 253

231 1393 284 1435 In
307 1393 589 1435 natiuitatem
613 1395 755 1436 sancti
782 1355 995 1436 Iohannis
1018 1393 1224 1436 babtiste.
1964 1401 2045 1446 255

230 1465 284 1507 In
306 1465 425 1507 diem
448 1472 705 1508 sanctorum
729 1467 1035 1521 apostolorum
1061 1466 1178 1508 Petri
1201 1471 1246 1507 et
1271 1465 1462 1508 Pauli...
1969 1466 2054 1507 260

232 1537 285 1579 In
308 1537 426 1578 diem
450 1543 704 1579 sanctarum
732 1538 853 1580 Iuste
875 1543 921 1579 et
944 1536 1116 1579 Rufine.
1969 1540 2052 1580 262

233 1609 286 1650 In
308 1608 427 1650 diem
451 1615 706 1651 sanctorum
732 1609 844 1652 Iusti
868 1616 912 1652 et
931 1608 1233 1652 Pastoris.
1557 1642 1583 1652 ..
1971 1611 2055 1662 264

233 1681 284 1722 In
308 1680 426 1722 diem
450 1686 706 1722 sanctorum
732 1680 852 1724 Sixti
875 1681 1074 1736 episcopi
1111 1686 1155 1723 et
1186 1679 1399 1724 Laurenti
1423 1681 1705 1724 arcidiaconi.
1971 1683 2052 1739 265

233 1752 285 1794 In
307 1752 426 1794 diem
449 1753 592 1794 sancti
631 1752 830 1806 Cipriani
867 1753 1232 1807 aepiscopi.
1438 1786 1465 1795 ..
1971 1754 2052 1805 267

235 1824 286 1866 In
309 1823 654 1866 decollationem
692 1825 835 1867 sancti
874 1825 1232 1867 Iohannis.
1971 1827 2056 1878 269

234 1894 351 1938 Item
374 1895 588 1938 lectiones
625 1896 682 1938 de
718 1897 897 1939 sanctis.
1148 1933 1152 1935 a
1973 1908 2051 1951 271

234 1964 468 2007 Secundus
504 1963 561 2005 de
592 1965 770 2008 sanctis.
1972 1978 2054 2021 273

233 2043 291 2076 111
324 2033 380 2076 de
421 2034 653 2075 sanctis...
1974 2046 2055 2090 275

235 2102 766 2157 Quartasdesanctis....
1976 2105 2061 2159 276

233 2173 344 2214 vde
365 2172 542 2214 sanctis.
1977 2176 2060 2227 278

236 2242 306 2284 De
328 2241 503 2284 sanctis
1975 2254 2060 2296 279

237 2313 353 2355 Item
376 2311 590 2353 lectiones
605 2311 740 2354 'unius
764 2313 879 2354 iusti.
1978 2316 2063 2355 280

236 2381 568 2423 Deunoiusto.
1976 2386 2055 2426 281

238 2451 310 2493 De
332 2451 461 2493 unius
483 2450 654 2493 iusti...
1979 2456 2060 2507 283

241 2519 525 2564 Uniusiusti.
1979 2525 2059 2577 285

240 2591 310 2632 De
332 2589 572 2632 unoiusto.
842 2623 869 2631 ..
1978 2592 2063 2634 286

241 2661 356 2702 Item
378 2658 591 2700 lectiones
612 2659 668 2700 de
691 2672 781 2700 uno
802 2659 1105 2702 confessore...
1979 2663 2061 2704 288

240 2729 309 2770 De
331 2741 420 2770 uno
461 2727 760 2771 confessore...
1979 2733 2062 2786 289

241 2798 355 2840 Item
378 2797 619 2852 legendum
657 2798 713 2839 de
752 2798 1011 2853 uirginibus.
1979 2812 2063 2853 290

238 2866 310 2909 De
331 2879 420 2908 una
441 2866 624 2921 uirgine.
1978 2879 2055 2921 291

239 2937 311 2978 De
332 2935 658 2978 nubentibus...
1977 2950 2059 2992 293

239 3006 311 3047 De
332 3004 550 3060 primitiis.
1978 3016 2057 3060 295

241 3075 312 3117 De
333 3074 530 3116 decimis.
1978 3086 2061 3130 297

242 3143 296 3185 In
332 3142 614 3186 ordinatione
655 3144 894 3198 aepiscopi.
1978 3155 2062 3196 299

244 3211 299 3254 In
334 3212 616 3255 ordinatione
651 3213 778 3267 regis.
1979 3224 2055 3265 301

303 3314 436 3339 Anecdoia
445 3315 557 3341 Mareds.
1959 3319 1985 3340 57
