2554 3658
877 358 1135 393 HOMILIAE
1169 357 1484 391 TOLETANAE.
1985 364 2041 408 41
2055 364 2080 410 5

326 475 353 518 f,
375 482 450 527 92v
474 476 646 514 Sermo
668 476 718 512 in
740 475 875 513 diem
896 478 1124 512 sanctum
1147 477 1483 521 pentecosten.
1510 475 1656 516 Deum
1688 489 1839 518 uerum
1873 478 2079 529 spiritum

268 552 472 587 sanctum
509 545 674 587 credite
713 543 925 598 xpistiani
970 575 1077 585 ......
1117 548 1162 584 et
1199 556 1337 596 usque
1385 543 1428 584 in
1470 544 1804 598 sempiternum.
1849 545 1937 601 Qui
1980 561 2080 588 cum

268 620 408 668 patre,
431 621 510 656 etc.
865 607 871 612 ¹

323 733 513 773 Eiusdem
551 733 652 772 forte
672 731 856 782 auctoris,
878 732 992 772 cuius
1013 739 1104 771 sunt
1125 745 1328 772 sermones
1351 731 1392 771 in
1424 731 1555 784 vigilia
1586 741 1624 772 et
1656 733 1695 772 in
1732 733 1869 774 hilaria
1904 735 2082 774 Paschae

271 788 367 839 (vid.
392 801 508 839 supra
529 789 566 826 ff.
592 792 654 838 65,
678 788 777 837 66v).
803 789 850 826 In
873 795 1008 827 nostro
1036 795 1170 828 autem
1200 794 1289 838 post
1310 786 1533 838 longiorem
1552 788 1603 827 de
1624 788 1832 832 divinitate
1853 789 1980 828 sancti
2001 789 2084 840 Spi-

269 843 366 882 ritus
389 842 717 893 disputationem,
742 841 782 880 in
803 855 882 892 qua
901 842 1053 881 Throni
1070 841 1281 892 separatim
1311 855 1334 880 a
1354 842 1525 881 Sedibus
1546 841 1648 882 inter
1668 844 1859 883 caelestes
1880 852 2083 883 creaturas

268 905 537 944 recensentur,
560 896 774 947 magnifico
795 895 955 936 dicendi
975 909 1120 948 genere
1139 897 1190 936 ad
1211 895 1341 946 ipsum
1370 896 1559 946 Spiritum
1581 897 1708 936 oratio
1729 897 1918 937 funditur.

327 1019 354 1062 f.
376 1025 451 1071 99v
474 1021 648 1059 Sermo
682 1020 763 1057 die
797 1019 1052 1057 dominico
1083 1022 1198 1057 ante
1232 1019 1366 1057 diem
1402 1020 1560 1056 sancti
1586 1020 1822 1058 Iohannis
1853 1020 2081 1060 babtiste.

271 1089 448 1130 Fratres
471 1089 705 1139 karissimi,
742 1089 830 1130 iam
865 1103 1004 1143 prope
1039 1095 1142 1130 sunt
1179 1088 1273 1130 dies
1308 1088 1352 1129 in
1376 1088 1536 1142 quibus
1574 1103 1739 1130 messes
1767 1122 1872 1131 ......
1899 1089 2084 1131 feliciter

269 1158 550 1212 peruenietis.
575 1159 813 1212 Regnante
835 1159 1021 1199 domino
1046 1164 1211 1209 nostro,
1235 1164 1316 1198 etc.

325 1277 396 1315 Est
417 1276 592 1316 Caesarii
614 1277 856 1317 Arelatensis
877 1277 916 1316 in
943 1278 1114 1328 append.
1138 1279 1306 1328 August.
1338 1289 1365 1314 s.
1393 1287 1480 1325 277,
1505 1275 1688 1314 nonnihil
1710 1275 1872 1314 mutilus
1909 1283 1948 1315 et
1969 1275 2086 1315 inter-

218 1363 222 1366 .
268 1332 441 1381 polatus.
474 1330 614 1370 Purior
632 1339 950 1382 repraesentatur
980 1332 1080 1371 infra
1100 1332 1164 1371 fol.
1200 1333 1307 1379 282V‚
1331 1330 1466 1380 ibique
1500 1329 1736 1369 inscribitur.
1764 1340 1785 1371 «
1822 1332 1885 1370 De
1916 1329 2082 1371 decimis

268 1384 494 1425 reddendis.
530 1395 551 1427 »
576 1387 698 1425 Porro
718 1385 879 1426 missam
903 1396 924 1428 «
946 1387 996 1426 de
1017 1385 1183 1426 decimis
1206 1396 1226 1427 >>
1250 1385 1373 1425 habes
1403 1385 1443 1423 in
1470 1384 1591 1424 Libro
1613 1384 1794 1431 Comico,
1815 1398 1850 1435 p.
1886 1397 1972 1435 297.

328 1509 450 1561 f..105
478 1509 651 1555 Sermo
665 1509 727 1547 de
745 1509 1016 1547 festiuitate
1033 1509 1189 1547 sancti
1207 1509 1438 1547 iohannis
1458 1508 1687 1547 babtiste.
1709 1507 1863 1550 Sancti
1882 1507 2086 1549 iohannis

273 1578 466 1620 babtiste
501 1578 697 1619 natalem
732 1579 863 1620 odiae
898 1592 1157 1632 persecurus
1199 1611 1303 1620 ......
1341 1578 1618 1620 condicionis
1656 1578 1853 1619 humane
1890 1590 1987 1618 esse
2023 1577 2086 1618 ui-

274 1647 443 1689 deatur.
470 1647 528 1688 Et
551 1647 625 1701 qui
649 1661 750 1689 curn
774 1649 859 1690 deo
882 1654 1020 1702 patre.

327 1772 704 1812 Pseudo-Ambrosii
738 1787 766 1811 S.
792 1784 837 1823 51
864 1772 940 1819 (M.
982 1785 1041 1822 17,
1080 1772 1184 1823 708),
1222 1772 1448 1823 Augustino
1470 1772 1621 1823 absque
1653 1772 1734 1811 ulla
1758 1771 1835 1811 veri
1873 1772 2006 1822 specie
2036 1771 2086 1810 ab

216 1872 222 1873 ἶ
271 1829 318 1866 A.
343 1827 454 1867 Maio
474 1827 696 1878 adscriptus
714 1827 830 1879 (Nov.
861 1828 961 1887 Bibl.
979 1828 1183 1866 PatrumI
1207 1826 1317 1879 355).

329 1949 353 1990 f.
382 1950 473 1991 108.
499 1950 627 1990 Item
649 1950 746 1987 alio
767 1949 830 1987 de
851 1958 952 1997 quo
974 1958 1137 1998 supra.
1175 1949 1311 1992 Cuius
1345 1949 1440 1991 dies
1477 1949 1607 1991 odiae
1638 1948 1898 1999 celebratur,
1927 1947 2083 1989 fratres

270 2018 495 2061 karissimi
523 2051 529 2060 2
543 2052 626 2060 .....
654 2019 759 2073 quia
782 2019 876 2073 ipse
898 2018 1144 2061 uiuificabit
1166 2033 1259 2062 nos.
1283 2019 1372 2073 Qui
1396 2033 1496 2061 cum
1520 2025 1658 2074 patre,
1680 2026 1761 2061 etc.

330 2145 354 2187 f.
383 2151 482 2197 109v
504 2145 678 2184 Sermo
700 2145 753 2182 in
773 2144 907 2182 diem
931 2147 1218 2182 sanctorum
1239 2145 1370 2193 petri
1392 2145 1613 2193 etpauli.
1634 2144 1806 2187 Notum
1829 2142 2086 2186 hominibus

269 2215 410 2265 uobis,
432 2214 587 2256 fratres
614 2247 719 2256 ......
746 2214 888 2268 gloria
911 2214 1178 2256 sublimatur
1200 2215 1243 2255 in
1268 2214 1416 2256 secula
1438 2215 1701 2257 seculorum.
1719 2215 1883 2256 Amen.

324 2334 507 2385 Append.
525 2335 691 2385 August.
708 2346 822 2373 serm.
843 2347 931 2373 201.
952 2335 1014 2373 Re
1027 2333 1111 2384 ipsa
1125 2346 1254 2374 sermo
1269 2341 1326 2373 est
1347 2334 1474 2375 sancti
1486 2333 1722 2384 Maximi69,
1736 2335 1889 2384 absque
1905 2334 2083 2373 clausula

269 2388 335 2428 illa
375 2388 610 2437 adventicia,
646 2402 670 2428 a
709 2401 787 2438 qua
826 2388 970 2439 pariter
1010 2401 1130 2439 purus
1173 2397 1231 2428 est
1269 2389 1446 2440 optimae
1484 2397 1603 2429 notae
1648 2390 1789 2429 Codex
1827 2389 2080 2428 Sessorianus

271 2443 592 2496 (Reifferscheid,
618 2444 651 2491 Ι,
670 2442 774 2494 119).

330 2560 356 2603 f.
383 2572 398 2602 1
413 2570 481 2601 12v
506 2561 634 2599 Item
655 2560 782 2612 alius
795 2560 856 2597 de
872 2560 1095 2597 eiusdem
1111 2559 1381 2598 festiuitate
1398 2563 1687 2599 sanctorum
1712 2534 1847 2599 Petri
1864 2564 1913 2598 et
1930 2560 2083 2598 Pauli.

271 2630 400 2681 Odie‚
422 2630 578 2672 fratres
613 2630 847 2680 karissimi,
883 2629 939 2672 de
973 2630 1052 2684 xpi
1088 2630 1280 2671 nominis
1314 2629 1574 2672 fundatores
1602 2663 1706 2671 ......
1734 2629 1926 2671 felicium
1959 2630 2086 2671 claue

271 2701 541 2742 meritorum.
565 2699 828 2741 Adiubante
849 2699 1047 2750 domino,
1069 2705 1151 2742 etc.

327 2821 467 2860 Sermo
497 2819 681 2870 Append.
715 2819 881 2869 August.
919 2831 1008 2868 203,
1040 2817 1168 2868 qualis
1198 2830 1246 2858 ex
1283 2825 1414 2858 vetere
1449 2817 1589 2859 codice
1623 2814 1883 2870 moriacensi)
1919 2817 1958 2856 in
1981 2816 2085 2857 notis

274 2874 550 2914 Maurinorum
563 2873 799 2914 describitur
813 2872 888 2923 (M.
914 2886 975 2922 39,
1002 2886 1074 2911 212
1082 2871 1133 2923 3).

330 2997 355 3038 f.
384 3009 462 3049 114
487 2997 660 3035 Sermo
683 2997 735 3033 in
755 2996 890 3035 diem
912 2996 1069 3033 sancti
1094 2994 1282 3032 Felicis.
1300 2995 1519 3041 ,Natalem
1556 2997 1697 3038 sancti
1732 2996 1883 3047 felicis,
1917 2997 2086 3045 fratres,

248 3066 455 3109 'feliciter
478 3065 781 3108 caelebremus
807 3097 912 3107 ......
939 3065 1102 3106 aetiam
1139 3064 1297 3106 merito
1331 3064 1600 3119 copulemur.
1626 3067 1708 3107 Per
1735 3066 1982 3117 dominum,
2004 3072 2084 3107 etc,

325 3190 434 3230 Felix
455 3198 597 3242 martyr
614 3190 886 3230 Gerundensis
909 3189 1104 3228 Kalendis
1121 3188 1290 3240 Augusti
1304 3196 1644 3231 commemoratur
1665 3204 1789 3242 quum
1806 3190 1845 3230 in
1862 3188 2083 3230 Orationali

259 3245 445 3285 Gothico
476 3254 560 3285 tum
579 3245 619 3284 in
632 3244 716 3284 aliis
739 3243 938 3295 Liturgiae
955 3244 1176 3283 Toletanae
1192 3244 1470 3284 monumentis.
